2183 3617
312 59 1040 133 CARMINUM
1111 56 1504 127 LIBER
1583 58 1636 124 1:

23 188 178 244 Nunc
218 183 526 239 defiderium‚
561 194 772 257 curaque
800 195 905 231 non
939 177 1076 236 levis,

22 254 245 312 Interfusa
273 257 476 307 nitentes

21 327 154 384 Vites
181 342 377 396 aequora
414 321 661 396 Cycladas.

1963 57 2045 77 r--«

1962 81 2035 142 41

1441 171 1531 221 jam
1555 172 1648 213 vero
1677 168 1889 222 defidert'um
1913 186 1955 211 ac
1988 175 2048 221 fo.

1451 222 1676 262 licitudinem
1715 224 1817 262 haud
1859 227 2047 275 modicam,

1439 274 1531 326 fuge
1549 275 1667 312 maria
1694 275 1861 322 Cycladas
1875 275 2038 318 emican-

1451 336 1502 366 tes
1524 326 1791 378 interfluentia.

1285 174 1397 254 [⁶2]

1327 337 1398 379 20

612 476 1434 523 ANNOTATIONES.

43 600 135 641 ,20-
163 589 361 643 cycladas]
385 587 516 627 Insulae
538 588 622 630 sunt
645 586 796 628 circiter
817 585 1003 640 quinqua-

17 645 131 698 ginta,
155 645 193 682 in
233 645 355 693 AEgaeo
381 639 480 678 mari
508 640 551 679 in
579 641 673 687 cycli
699 652 816 690 prope
834 639 1003 677 formam

18 694 200 749 dispositae
219 704 226 729 τ
251 707 332 746 quae
347 693 505 745 quidem
529 692 575 732 ob
594 690 807 743 frequentes
821 690 1005 743 scopulos,

1050 587 1091 628 &
1122 587 1234 626 maris
1257 585 1442 638 angustias
1479 582 1594 628 adiri,
1629 595 1698 626 aut
1741 584 2046 639 circumnavigat}

1053 640 1118 677 vix
1140 638 1234 679 citra
1251 640 1461 688 periculum
1498 634 1664 691 poffunt.

1018 584 1035 748 l

786 832 1051 892 ODE
1137 832 1280 891 XV.

573 999 902 1059 Vaticim'um
948 998 1011 1058 de
1046 995 1223 1081 ‘Trojae
1264 996 1483 1057 excidio·

18 1167 101 1280 P

15 1305 211 1375 ingrato
241 1306 415 1358 celeres
443 1308 609 1360 obruit
645 1309 753 1359 otio

14 1376 219 1432 Ventos,
260 1391 313 1429 ut
343 1392 536 1430 caneret
579 1379 676 1430 fera

87 1448 282 1502 Nereus
302 1449 406 1502 fata.

121 1161 262 1214 Astor
291 1179 411 1216 curn
441 1164 643 1217 traheret
681 1182 765 1230 per
797 1165 912 1218 freta
952 1165 1157 1216 navibus

140 1236 277 1288 Idaeis
308 1235 551 1287 Helenam
578 1235 790 1317 ’perfidus
826 1236 1090 1307 hospitam,

479 1447 613 1502 Mala
636 1449 772 1503 ducis
801 1448 878 1502 avi
909 1446 1139 1507 domurn,

1505 1161 1590 1198 Cum
1601 1159 1717 1212 pastor
1730 1158 1860 1208 fallax
1877 1169 1943 1211 per
1960 1174 2046 1198 ma-

1454 1213 1511 1249 ria
1535 1214 1723 1250 abduceret
1744 1214 1915 1250 Helenam
1933 1211 2048 1260 hospi·-

1453 1275 1530 1300 tam
1555 1265 1711 1302 navibus
1740 1263 1919 1310 ijauis,
1942 1263 2048 1310 inju-

1289 1304 1397 1376 [69]
1452 1313 2046 1364 cundatranquilitateventosve-

1453 1367 1538 1403 loces
1551 1365 1707 1415 oppressit
1719 1367 1875 1413 Nereus,
1899 1376 1941 1401 ut
1957 1366 2045 1402 dira

1446 1418 1652 1466 praecz'neret
1665 1417 1773 1463 fata,
1798 1415 1846 1454 fic
1875 1416 2048 1463 infaustis

1362 1464 1390 1519 5
1450 1468 1611 1520 auspiciis
1635 1470 1774 1507 domum
1805 1467 1905 1504 ducis
1949 1478 2049 1511 eam,

626 1606 1414 1651 ANNOTATIONES.

63 1725 230 1765 Mettum
248 1719 351 1759 idem
374 1716 474 1768 quod
492 1719 600 1768 supra
615 1716 707 1758 'Ode
729 1721 768 1758 6.

69 1783 106 1812 1.
133 1773 254 1821 Pastor
273 1783 349 1808 cum
367 1773 542 1818 traheret,
556 1771 650 1814 &ct-J
676 1770 777 1810 Sicut
789 1770 890 1822 apud
906 1777 1003 1813 Bac·

11 1822 190 1883 chilidem
217 1818 414 1861 Cass‘andra
444 1823 562 1862 Paridi
581 1822 737 1871 Trojam
759 1822 1007 1874 ingredienti,

5 1887 70 1928 ‚lta
89 1874 152 1914 hic
172 1874 299 1923 eidem
319 1874 388 1911 iter
408 1877 549 1925 agenti,
575 1876 836 1925 Helenamque
847 1873 935 1914 belli
949 1878 1003 1915 fa-

1049 1722 1248 1773 praemium
1276 1717 1427 1769 judicii,
1450 1731 1524 1770 quo
1541 1715 1684 1770 Junoni
1711 1717 1752 1758 &
1777 1715 1924 1756 Palladi
1946 1730 2046 1769 prae-

1051 1775 1122 1812 lata
1145 1774 1192 1812 ab
1207 1786 1250 1810 eo
1266 1771 1402 1812 fuerat.

1104 1838 1139 1876 3.
1164 1827 1308 1875 ingrato
1328 1824 1464 1868 celeres,
1492 1818 1597 1871 ὀμ]
1625 1817 1816 1870 Quoniam
1842 1830 2044 1858 ventorum

1048 1887 1178 1914 natura
1198 1875 1246 1914 est
1266 1884 1459 1924 erumpere
1478 1870 1520 1908 δε
1543 1871 1692 1922 vagari:
1725 1872 1811 1908 hinc
1830 1871 1922 1908 nihil
1940 1870 2046 1921 inju-

11 1919 96 1971 ξεττ]
141 1925 288 1967 ducenti
332 1928 482 1965 Nereus
516 1924 732 1971 vaticinatur
761 1937 891 1975 quanta
922 1927 1010 1968 ferat
1048 1927 1203 1966 cundius
1226 1923 1313 1976 ipsis
1333 1925 1386 1962 est
1411 1934 1524 1974 quam
1541 1921 1699 1960 froenari
1727 1922 1767 1959 ὃς
1789 1919 1830 1959 in
1847 1920 1933 1960 otio
1949 1933 2045 1958 con-

13 1979 123 2027 mala,
148 1979 309 2025 adeoque
319 1977 443 2026 Trojae
455 1977 619 2014 ruinam.
658 1977 870 2014 Antonium
890 1981 1004 2017 Cleo-

11 2039 125 2079 patrae
143 2029 336 2069 amoribus
357 2027 541 2066 irretitum
563 2028 740 2077 exemplo
769 2028 908 2067 Paridis
936 2032 1003 2069 ad·

12 2081 158 2119 moneri
170 2082 216 2118 ab
228 2079 386 2118 Horatio
397 2092 472 2117 non
487 2091 599 2117 nemo
611 2078 798 2130 opinatur.
813 2082 928 2118 Caeter
935 2094 998 2120 um

11 2131 141 2169 cundia
164 2133 239 2170 fere
258 2143 305 2170 ex
327 2134 501 2168 Homero
520 2131 758 2179 deprompta.
785 2130 917 2169 Sensus
935 2133 1002 2180 est,

9 2180 110 2231 §um
133 2181 234 2221 Paris
263 2183 444 2221 Helenam
461 2193 605 2232 raperet
631 2177 803 2231 Hospitis
831 2183 1000 2222 Menelai

8 2244 184 2280 uxorem,
205 2244 311 2285 atque
333 2247 353 2272 e
375 2236 505 2284 Sparta
519 2231 681 2282 Trojarn
695 2232 897 2284 navigaret,
920 2235 999 2272 Ne-

8 2293 94 2337 feus
114 2285 210 2322 Deus
224 2285 393 2323 marinus
404 2293 537 2326 ventos
545 2282 734 2322 cohibuit,
757 2283 848 2324 dum
861 2283 1002 2334 perfido

7 2331 69 2391 illi
92 2338 233 2385 raptori
265 2346 412 2375 caneret
438 2333 723 2384 impendentem
751 2332 911 2378 cladem,
951 2337 1000 2376 ob

11 2384 188 2435 vlolatum
208 2385 270 2435 jus
300 2387 342 2428 ὃς
371 2384 525 2424 incestas
546 2386 702 2435 nuptias.
752 2384 847 2423 Vide
877 2391 1000 2427 Hero-

8 2432 86 2474 dot.
109 2435 174 2474 lib.
194 2448 231 2478 2.
259 2437 423 2478 Eustath.
445 2435 487 2475 in
509 2439 550 2474 6.
573 2437 682 2475 Iliad.

61 2487 217 2536 Pastor]
238 2488 364 2536 Paris,
379 2487 456 2527 alio
468 2486 627 2526 nomine
639 2487 761 2525 dietus
775 2487 1002 2532 Alexander,

3 2536 193 2624 'exspolitus
203 2537 245 2576 in
258 2540 324 2577 Ida
342 2549 491 2586 monte,
516 2538 718 2591 educatusq3
733 2538 754 2576 a
774 2538 938 2590 pastore,
955 2542 997 2580 ὃς

6 2597 46 2636 lp
63 2599 87 2645 e
100 2590 305 2641 aliquandiu
325 2590 463 2641 pastor,
484 2601 686 2641 quanquam
707 2601 782 2645 erat
799 2588 895 2630 filius
911 2590 997 2630 Pri-

8 2647 89 2674 aml
100 2640 361 2690 Troianorum
374 2639 473 2692 regis
484 2642 524 2680 &
535 2640 716 2688 Hecubae,
727 2652 804 2690 qua:
818 2652 1002 2694 pregnans

0 2684 130 2744 facem
145 2689 182 2729 se
201 2692 392 2731 ardentem
411 2703 541 2742 parere
560 2691 790 2731 somniavit:
829 2705 900 2743 quo
923 2705 1000 2732 ter-

6 2745 87 2793 rua
102 2741 144 2780 &
163 2742 421 2793 conjeerorum
443 2741 601 2794 impulsa
618 2741 791 2796 responso
801 2755 997 2796 exponen-

9 2785 99 2833 dum
119 2793 265 2831 curavit
282 2792 419 2832 filium.

62 2841 268 2895 Trabeam]
305 2848 373 2883 Per
411 2846 531 2883 varias
570 2843 751 2896 regiones,
789 2842 1001 2897 diversaque

12 2889 148 2979 ἓξὲξ,
170 2895 390 2946 tandemque
407 2897 445 2935 in
455 2892 620 2946 patriam
631 2894 735 2937 suam
746 2896 906 2946 TroJam
917 2908 1003 2948 per-

135 2953 182 2980 et.

15 2991 231 3081 mgiigfbm
254 2995 398 3048 Idaeis.]
433 2996 638 3037 Fabricatis
669 2996 713 3035 in
744 2997 809 3039 Ida
834 2996 1003 3037 Troadis

67 3104 107 3130 2.
129 3094 298 3134 Helenam
313 3096 467 3149 perfidus
488 3097 688 3149 hospitam]
714 3097 815 3142 Paris
835 3097 1002 3149 hospitio

16 3151 188 3200 receptus
207 3147 302 3207 apud
334 3153 570 3199 Menelaum,
594 3162 641 3188 eo
659 3151 812 3203 quidem
842 3149 1002 3194 absente,

14 3206 55 3231 an
71 3197 294 3239 adulterium
309 3202 533 3250 pellexitabd
541 3200 646 3251 uxitq
655 3215 701 3240 ue
717 3204 908 3240 Helenam
921 3201 1003 3251 ejus

14 3256 198 3297 uxorem3
223 3250 411 3299 adjuvante
429 3253 616 3292 nimirum
636 3256 802 3303 Venere,
826 3265 903 3303 quae
917 3251 1003 3290 for-

17 3295 256 3359 qiofiffitnam
281 3300 411 3343 Paridi
432 3301 698 3356 sposponderat
713 3302 937 3347 foeminam,
957 3301 999 3345 in

1050 1980 1173 2015 tineri.
1226 1977 1288 2014 Est
1318 1974 1380 2027 qui
1402 1974 1541 2012 referat
1570 1973 1615 2012 ad
1652 1974 1838 2015 Paridem,
1871 1971 2048 2011 celeriter

1048 2031 1200 2068 avehere
1219 2026 1381 2077 praedam
1406 2025 1508 2063 suam
1538 2023 1774 2075 cupientem:
1800 2021 1863 2062 cui
1890 2024 2046 2071 proinde

1048 2081 1157 2118 valde
1190 2078 1331 2129 ingrata
1366 2075 1474 2115 fuerit
1506 2087 1553 2114 ea
1587 2085 1705 2113 mora.
1756 2075 1826 2112 Sed
1859 2086 1945 2112 cum
1979 2085 2047 2125 pet

1052 2132 1182 2169 multas
1203 2141 1243 2167 ac
1270 2126 1431 2166 diversas
1453 2129 1619 2177 regiones
1639 2124 1746 2162 Paris
1770 2125 1949 2163 Helenam
1966 2125 2048 2164 cir-

1048 2177 1277 2219 cumduxisse
1301 2180 1448 2231 legatur,
1475 2188 1676 2228 antequam
1698 2179 1735 2212 in
1747 2173 1938 2214 Troadem
1957 2189 2048 2227 pero

1050 2235 1220 2321 aebeat,
1270 2244 1347 2269 non
1378 2230 1525 2269 videtur
1555 2240 1600 2266 ea
1639 2223 1741 2277 poffe
1785 2224 2049 2278 interpretatio

1083 2295 1160 2322 areo

1100 2346 1140 2382 4.
1169 2337 1220 2373 Ut
1244 2342 1385 2371 caneret
1404 2333 1491 2381 fera
1515 2333 1650 2369 Nereus
1660 2329 1792 2380 fatas]
1819 2331 1924 2366 Dum
1936 2327 2054 2368 exci«

1051 2385 1155 2423 dium
1178 2387 1300 2439 patria:
1318 2397 1360 2422 ac
1392 2381 1538 2421 Paterni
1563 2384 1664 2432 regni
1682 2379 1955 2431 praenunciaret
1977 2379 2053 2419 fla·-

1046 2435 1184 2488 gitioso
1199 2434 1338 2479 Paridi,
1362 2446 1494 2473 ventos
1511 2432 1732 2483 compreffit
1754 2434 1915 2480 Nereus,
1939 2429 2050 2470 filen-

1050 2488 1218 2538 tiumque
1236 2485 1429 2536 imposuit.
1480 2485 1644 2535 Quidam
1666 2479 1895 2522 contenfiose
1920 2483 2051 2533 legunt

1053 2539 1214 2580 Proteus,
1241 2550 1285 2576 eo
1303 2538 1405 2588 quod
1427 2538 1523 2586 apud
1543 2539 1755 2574 Homerum
1771 2533 1834 2570 ille
1853 2533 1897 2569 de
1912 2534 2050 2580 Troja-

1047 2590 1104 2627 nis
1116 2589 1223 2628 rebus
1233 2587 1501 2627 vaticineretur
1515 2596 1523 2621 :
1550 2589 1682 2627 Nereo
1693 2594 1816 2623 autem
1827 2582 1897 2621 vix
1908 2583 1948 2621 id
1962 2595 2050 2621 mu-

1048 2641 1145 2678 neris
1162 2638 1360 2678 tribuatur.
1412 2642 1554 2675 Vernm
1573 2640 1698 2674 Poetae
1715 2634 1801 2686 quid
1827 2646 1903 2672 non
1927 2632 2016 2672 licet
2031 2638 2049 2671 Ρ

1051 2689 1198 2730 Deinde
1222 2687 1420 2740 naviganti
1446 2690 1526 2740 quis
1549 2685 1685 2725 melius
1699 2684 1910 2724 vaticinans
1931 2683 2051 2724 indu·

1048 2754 1151 2781 catur
1171 2753 1286 2791 quam
1311 2739 1476 2780 marinus
1500 2742 1630 2777 Deus?
1663 2736 1875 2786 Addequod
1891 2736 2045 2784 Apollo·

1048 2794 1133 2830 nius
1171 2792 1342 2831 Rhodius
1372 2794 1560 2840 Interpres
1589 2787 1632 2825 in
1662 2800 1702 2836 4.
1733 2785 1971 2838 Argonautic.
1995 2796 2050 2824 ex

1048 2841 1272 2891 Pherecydis
1296 2841 1501 2888 sententia,
1525 2836 1650 2881 scribit
1675 2842 1848 2878 Nereum
1877 2837 2048 2875 coaciam

1047 2894 1271 2942 respondere
1289 2895 1394 2932 velut
1412 2892 1624 2930 oraculum.
1668 2886 1931 2941 Apollodorus
1952 2888 1977 2924 l.
2005 2900 2047 2923 2.

1050 2944 1096 2982 de
1111 2944 1302 2994 Nymphis
1324 2942 1438 2997 Jovis
1459 2954 1503 2980 ac
1528 2939 1699 2979 Thetidis
1728 2938 1885 2987 filiabus,
1920 2948 2047 2974 vatem

1047 2994 1137 3032 facit
1162 2997 1326 3033 Nereum
1346 3009 1358 3032 .-
1383 2996 1426 3033 &
1442 2991 1621 3034 Hesiodus
1639 2992 1679 3028 in
1694 2984 2047 3039 Theogon.veridi·

1050 3056 1136 3086 cum
1155 3042 1241 3085 eu'tn
1257 3045 1429 3097 appellat.
1480 3045 1637 3081 Maneat
1656 3052 1746 3092 ergo
1767 3039 1884 3079 Nerei
1906 3035 2050 3086 Profe-V

1049 3097 1210 3148 popoeia,
1230 3095 1272 3135 &
1293 3095 1392 3134 reete
1415 3091 1534 3147 posita
1551 3091 1756 3132 censeatur.

1103 3160 1142 3194 5.
1171 3147 1279 3184 Mala
1298 3148 1396 3184 ducis
1415 3145 1482 3182 avi
1496 3146 1665 3188 domum-1
1692 3144 1752 3178 Ex
1764 3141 1950 3189 Augurum
1969 3134 2049 3194 phi

1050 3194 1263 3242 servatione
1282 3196 1396 3235 trasta
1419 3194 1537 3233 diffio
1558 3207 1569 3236 3
1601 3192 1642 3231 id
1672 3191 1744 3240 est,
1772 3191 1875 3226 malo
1900 3199 2048 3244 omui-Q

1051 3246 1196 3287 infelici
1216 3245 1373 3298 augurio
1401 3246 1589 3284 Helenam
1622 3239 1744 3297 ducis,
1766 3244 1802 3278 O
1826 3239 1925 3286 Pari,
1950 3237 2043 3276 tibi*-

1050 3311 1123 3354 que
1151 3296 1300 3340 assumis
1318 3299 1360 3341 &
1384 3296 1486 3350 rapis
1509 3304 1671 3336 uxorem
1694 3292 1881 3346 alienama

1863 3339 2039 3411 Quat-n
