2183 3617
0 0 28 53 'l

0 170 186 229 &Cornu
221 169 483 223 decorum,
524 166 698 218 leniter
722 174 928 214 atterens

0 232 22 307 li
81 242 322 297 Candaui,
373 242 432 294 &
461 237 729 291 recedentis
758 231 974 300 trilingui

19 316 21 330 ³
149 313 254 367 Ore
277 312 445 382 pedes,
471 311 725 380 tetigitque
748 320 901 359 crura.

355 44 1078 116 CARMINUM
1157 37 1530 108 LIBER
1569 42 1649 106 ΙΙ.

1926 59 1954 103 1
1970 64 2047 122 57

1254 155 1392 231 [234]
1455 164 1563 192 aureo
1578 149 1888 211 cornu-insfgnenn
1907 165 2056 214 nug-vens

1334 245 1393 281 ἰ
1457 202 2055 295 &22

1337 248 1361 299 ό
1456 267 1511 350 Peg
1531 320 1587 347 ore
1607 269 1778 346 delirZw't.
1817 266 1841 307 p
1967 269 1995 310 g

609 436 1443 491 ANNOTATIONES.

13 572 77 611 lum
93 561 210 602 ferire
225 562 380 604 soleant.
430 560 545 601 Unde
563 560 604 600 δε
623 568 733 597 tauro
748 555 906 596 similem
916 553 1008 593 faci·
1057 549 1175 595 item3
1220 551 1356 590 Ponam
1376 566 1499 590 arcum
1522 565 1637 592 mcum
1652 551 1693 590 in
1711 551 1880 601 nubibus,
1911 553 2056 605 eritque
2091 580 2094 584 .

13 624 101 667 lunt,
116 615 228 666 quod,
252 614 408 666 perinde
422 625 462 652 ut
478 612 559 659 ille,
584 611 725 649 bibaces
735 607 838 656 sunt,
853 606 1004 646 iracun-
1049 604 1194 652 signum
1202 605 1351 652 foederis
1371 606 1466 643 inter
1483 619 1538 644 me
1560 605 1607 648 ό
1626 605 1722 642 inter
1732 614 1885 643 terram.
1913 605 2052 645 Geness

8 667 68 713 idi,
92 667 133 704 &
151 669 305 718 petulci:
350 664 442 704 teste
463 666 647 702 Athenaeo
669 661 734 700 lib.
756 672 789 697 1.
840 664 930 697 Non
949 656 1003 694 ita

0 716 159 757 *videtur
181 720 228 756 ad
250 731 330 756 rem
348 714 450 768 quod
476 727 525 753 ex
556 714 688 754 eodem
709 714 893 750 Athenaeo
910 706 1004 768 ‹affe-

6 731 101 818 ¹irunt
118 770 291 819 quidam,
331 779 465 806 cornua
491 778 560 817 pro
584 760 860 820 poculis-fuisse
885 763 1008 799 olim:

0 821 84 860 inec
105 820 221 871 quod,
244 834 292 860 ex
312 820 498 866 Diodoro,
531 816 598 854 lib.
619 828 660 863 4.
685 826 830 867 primus
851 814 909 851 ille
932 822 1008 850 ter-

7 861 96 910 lram
130 870 270 921 jun-ssis
303 871 418 909 bobus
451 867 678 909 exercuerit:
729 866 853 904 multo
887 864 1011 901 minus

0 921 113 983 *quod
133 921 235 960 idem
265 922 353 960 alibi
379 919 445 963 ait,
480 928 679 959 cornutum
711 917 781 955 dici
803 916 1004 956 Bacchum,

7 972 67 1012 ‘ob
96 984 257 1012 acumen
296 973 342 1011 in
379 971 629 1024 excogitandis
664 968 768 1008 rebus
800 967 848 1005 ad
882 968 1004 1005 vitam

3 1023 182 1064 iutilibus.

2 1071 7 1082 ‘
65 1078 249 1115 Caeterum
280 1072 403 1112 sacros
435 1070 553 1110 Mosis
577 1071 695 1110 libros
722 1068 818 1109 haud
845 1068 1012 1108 Ethnicis

0 1127 235 1173 muetoribus
255 1124 469 1176 incognitos
479 1122 606 1173 fuisse,
630 1123 717 1161 alibi
729 1120 876 1173 quidem
890 1132 1011 1159 anno-

2 1176 208 1217 'tavimusz
234 1178 319 1215 inde
338 1188 428 1215 vero
443 1176 616 1226 pleraque
635 1176 716 1212 veri
739 1176 807 1210 Dei
832 1170 1009 1210 miracula

19 1229 224 1280 expiscatos
248 1227 485 1278 imitatosque
503 1225 718 1264 fabulatores
735 1223 828 1262 falsis
844 1224 1009 1262 numini·

0 1278 82 1329 ibus
103 1281 143 1318 &
176 1278 348 1318 heroibus
383 1278 452 1317 suis
478 1275 680 1325 affinxiffe,
705 1276 833 1314 lciolus
859 1274 1006 1326 quisque

0 1329 262 1381 >vixignoran
326 1334 376 1368 At
407 1341 490 1368 cum
510 1329 548 1366 id
565 1329 706 1366 abunde
731 1327 866 1377 probet
890 1328 932 1365 &
963 1339 1006 1363 o-

0 1380 161 1428 lstendat
177 1383 236 1421 vel
261 1394 331 1420 una
349 1383 429 1419 haec
453 1380 547 1421 Ode,
574 1390 655 1416 non
673 1377 724 1417 est
749 1376 881 1416 leviter
907 1388 1006 1427 prae-

0 1434 272 1482 ytermittenda‚
296 1434 387 1483 quin
409 1442 487 1469 rem
513 1432 657 1480 penitus
675 1427 923 1476 excutiamus,
951 1439 1007 1465 at-

0 1492 84 1534 lque
104 1486 216 1535 paulo
237 1482 388 1524 otiosius
403 1481 644 1531 inspiciamus
660 1482 701 1520 &
723 1480 1011 1532 perscrutemur.

0 1536 224 1574 lEnimvero
243 1546 377 1586 quanta
398 1537 437 1572 &
464 1545 552 1584 quot
579 1532 829 1570 attribuuntur
852 1533 1010 1577 Baccho,

16 1597 98 1636 quae
119 1588 177 1624 vel
194 1589 337 1624 Neachi
355 1584 451 1633 sunt,
477 1585 534 1621 vel
555 1582 666 1632 ipsius
688 1581 829 1620 Molis?
872 1581 1008 1633 Singu-

16 1637 54 1675 la
75 1636 382 1688 perstringamus,-
408 1647 569 1686 quorum
596 1635 755 1684 plurima
785 1644 910 1672 tamen
938 1632 1007 1671 alii

17 1698 99 1725 uon
125 1687 284 1728 absurde
314 1687 389 1738 jam
424 1686 676 1737 protulerunt,
709 1695 1009 1736 occupatumque.

17 1739 176 1777 Bacchus
203 1741 377 1777 inventor
404 1735 485 1776 vini
511 1733 672 1786 vitesque
696 1737 857 1786 plantare
893 1734 1007 1775 docu-

18 1786 88 1828 iffe
105 1791 272 1838 jaGatur.
300 1788 465 1829 Diodor.
490 1786 681 1827 Sicul.1ib,
707 1798 744 1833 5.
766 1799 847 1837 cap.
876 1796 910 1823 1.
937 1791 1006 1825 At-

20 1840 88 1893 qui
107 1843 179 1880 hoc
196 1844 304 1892 longe
314 1839 435 1880 verius
445 1839 604 1878 Noacho
620 1837 847 1876 vindicatur.
871 1837 1005 1876 Genes.

17 1904 97 1943 cap.
120 1905 158 1941 9.
178 1905 217 1930 v.
241 1906 307 1931 20.
330 1890 398 1929 ubi
415 1891 457 1930 δε
481 1890 687 1928 inebriatus
707 1889 769 1926 ille
792 1889 833 1926 &
855 1889 1005 1926 nudatus

16 1941 60 1981 in
77 1944 306 1983 tabernaculo
318 1942 400 1993 suo,
422 1953 568 1980 necnon
583 1939 723 1990 majori
744 1937 829 1977 filio
846 1938 1008 1978 ludibrio

19 1993 157 2034 habitus
193 1995 365 2033 refertur:
406 2007 486 2047 quae
507 1993 553 2031 ad
578 1993 766 2030 Bacchum
799 1990 1009 2030 transtulere

14 2044 90 2085 iere
104 2045 251 2084 omnia.

65 2098 222 2135 Bacchus
245 2099 286 2135 in
311 2095 422 2147 sylvis
438 2094 479 2132 &
499 2093 649 2145 rupibus
667 2092 803 2144 Satyris
824 2090 867 2131 δε
892 2091 1006 2131 Musis

21 2144 248 2186 documenta
270 2160 374 2187 varia
395 2146 555 2185 tradidit.
604 2146 781 2184 Noachus
798 2143 882 2194 post
907 2142 1006 2181 dilu-

14 2204 138 2247 vium,
159 2198 349 2237 devastata
361 2212 402 2237 ac
418 2197 460 2235 in
477 2197 709 2234 solitudinem
726 2194 874 2234 reda&
893 2205 1007 2244 terra,

15 2251 62 2289 de
84 2252 178 2289 cultu
196 2252 262 2288 Dei
288 2261 466 2301 praecepta
485 2246 704 2287 hominibus
723 2246 847 2284 sedulo
874 2244 1000 2284 incul-

62 2312 128 2339 vit.

17 2313 220 2390 caBacchus
231 2362 361 2389 amnes
372 2350 414 2389 δε
433 2360 535 2388 mare
548 2347 667 2386 flexit:
697 2348 876 2386 Noachus
895 2359 1006 2400 aqua-

16 2414 98 2441 rum
119 2401 331 2441 eluvionem
355 2413 437 2440 arca
456 2399 586 2441 evasit,
611 2398 876 2450 superavitque.

67 2454 224 2492 Bacchus
239 2456 415 2500 Gigantes
433 2453 518 2502 Jovi
545 2450 690 2489 bellum
717 2461 907 2488 moventes
934 2461 1004 2487 ex-

15 2503 209 2556 pugnavit·
264 2505 354 2543 No'e'
371 2505 516 2541 Chamo
529 2500 606 2539 filio
624 2503 740 2551 impie
757 2500 792 2539 se
808 2501 1004 2538 colendum

19 2555 198 2595 Numinis
221 2556 332 2594 instar
348 2553 560 2593 exhibenti,
584 2552 803 2603 posterisque
818 2552 894 2602 ejus
919 2550 1004 2590 ido·

15 2605 158 2645 lolatris
179 2609 240 2645 vel
260 2606 380 2645 atheis
394 2605 535 2643 fortiter
554 2604 791 2655 repugnavit.

1058 666 1100 691 ca
1136 679 1144 689 .
1198 674 1208 685 ·
1231 665 1294 692 cit.

1105 666 1222 755 {lugd
1243 703 1430 748 siMosem
1452 705 1607 759 Josuen‚
1632 705 1675 745 &
1696 718 1776 758 quae
1795 705 1840 745 ad
1853 718 1919 745 eos
1934 704 2057 757 perti·

1058 767 1163 799 nent,
1197 756 1427 797 conferamus
1452 771 1534 795 cum
1557 757 1605 796 iis
1624 770 1704 808 quae
1727 759 1872 796 Baccho
1892 757 2050 809 affignat

1056 807 1258 858 Horatius,
1279 809 1409 846 eadem
1432 821 1549 860 prope
1568 806 1642 846 effe
1660 807 1907 859 agnoscemus.
1930 810 2059 850 Moses

1057 857 1096 895 in
1122 871 1254 898 monte
1282 858 1372 898 Sina
1397 872 1565 911 acceptas
1586 858 1660 899 Dei
1681 862 1777 910 leges
1801 862 1944 911 populo
1971 866 2056 900 He—

1056 907 1158 948 braeo
1186 910 1341 961 perfert.
1394 913 1557 950 Bacchus
1593 913 1633 950 in
1660 912 1802 963 rupibus
1831 914 1974 962 Satyros
2002 915 2053 956 ό·

1057 962 1239 1012 Nymphas
1265 963 1377 999 docet.

1108 1014 1240 1052 Bacchi
1265 1013 1420 1063 thyrsus,
1447 1012 1533 1064 quid
1553 1012 1670 1055 aliud,
1709 1025 1820 1065 quam
1833 1011 1938 1064 virga
1959 1016 2054 1053 Mo-

1054 1061 1118 1102 fis?
1155 1066 1223 1103 Per
1241 1065 1333 1103 hanc
1353 1076 1494 1115 patrata
1514 1076 1609 1103 certe
1625 1063 1808 1117 prodigia,
1849 1077 1917 1117 per
1937 1063 2052 1106 illurn

1053 1112 1218 1154 similiter
1239 1114 1337 1154 faeta
1357 1113 1504 1154 mentiti
1531 1115 1626 1155 sunt.

1112 1167 1358 1215 Vinifhntem‚
1383 1167 1488 1205 lat‘iis
1502 1167 1613 1216 rivos,
1623 1168 1694 1205 mel
1697 1167 1857 1214 stillans,
1879 1167 1958 1219 quis
1973 1178 2055 1207 non

1058 1216 1246 1269 intelligat
1275 1218 1375 1261 fieta,
1415 1218 1473 1256 vel
1490 1230 1541 1256 ex
1557 1217 1739 1270 promissa
1767 1218 1936 1257 Hebraeis
1956 1230 2055 1260 terra

1057 1268 1148 1307 la&e
1169 1272 1209 1308 ὅ(
1232 1271 1340 1308 melle
1367 1272 1557 1311 mananti;
1601 1271 1658 1309 vel
1682 1281 1731 1306 ex
1756 1268 1873 1308 erutis
1903 1282 1923 1308 e
1950 1268 2056 1311 filice

1059 1332 1124 1370 per
1153 1320 1286 1359 Mosen
1319 1319 1449 1371 aquis?
1483 1323 1596 1371 Virga
1630 1319 1747 1359 Mofis
1773 1322 1814 1359 in
1841 1320 2053 1372 serpentem

1058 1371 1181 1420 versa,
1205 1372 1246 1411 δε
1270 1371 1345 1410 line
1366 1372 1503 1409 damno
1524 1371 1765 1423 apprehensa,
1791 1371 1940 1423 serpens
1956 1371 2053 1413 item

1057 1434 1177 1461 aeneus
1199 1424 1238 1460 in
1259 1423 1398 1462 deserto
1415 1420 1515 1474 juffu
1537 1422 1651 1462 Mosis
1669 1423 1829 1462 ereSius:
1860 1424 1989 1462 Exod.
2009 1436 2058 1473 4.

1057 1474 1136 1513 &c.
1152 1486 1276 1512 nonne
1296 1476 1418 1513 locum
1441 1473 1621 1514 dederunt
1640 1474 1773 1524 viperis
1805 1475 1845 1512 δε
1869 1474 2057 1527 anguibus

1055 1526 1284 1565 Baccharum
1295 1526 1408 1564 crines
1423 1524 1646 1577 implicandi
1654 1527 1734 1576 fine
1743 1525 1883 1574 fraude
1897 1526 2052 1575 quidem

1059 1576 1101 1614 &
1122 1577 1326 1615 coercendi?
1357 1577 1447 1629 Jam
1475 1576 1623 1616 domita
1643 1580 1791 1616 Baccho
1806 1577 1969 1627 flumina
1992 1580 2053 1629 ip-

1056 1627 1208 1678 sumque
1229 1641 1340 1670 mare,
1368 1629 1424 1666 vel
1443 1628 1679 1678 lippientibus
1697 1628 1896 1668 ostendunt
1915 1626 2053 1679 Jorda-

1060 1677 1119 1716 nis
1138 1677 1259 1716 maris
1275 1692 1317 1718 ue
1339 1676 1460 1716 Rubri
1475 1678 1566 1720 sicco
1582 1679 1736 1730 vestigio
1751 1678 1959 1722 transitum,
1983 1682 2052 1719 du-

1055 1729 1161 1769 cibus
1173 1734 1241 1767 Mo
1262 1742 1281 1766 e
1295 1728 1473 1780 &Josu'e'.
1500 1731 1665 1781 Disjet‘la
1680 1744 1771 1770 vero
1782 1731 1933 1769 Penthei
1943 1734 2058 1776 teau,

1053 1782 1276 1832 Lycurgique
1292 1780 1404 1820 fatale
1418 1782 1588 1829 exitium,
1613 1783 1840 1822 adumbrant
1857 1781 1941 1822 (atis
1957 1784 2056 1824 clare

1056 1832 1163 1871 urbes
1205 1833 1356 1875 deletas,
1391 1843 1492 1882 reges
1518 1833 1652 1881 vietus,
1686 1833 1888 1885 gentesque
1916 1832 2056 1875 &aestas

1054 1884 1100 1923 ab
1135 1882 1332 1926 Israelitis,
1372 1885 1453 1922 Deo
1479 1881 1703 1936 suffragante
1741 1886 1783 1924 δι’,
1826 1885 2055 1935 opitulante.

1059 1934 1232 1986 Denique
1259 1932 1440 1985 Gigantes
1461 1936 1502 1975 δε
1529 1946 1700 1986 potentes
1726 1949 1745 1974 a
1763 1935 1887 1975 seculo
1908 1936 1980 1975 viri
1996 1935 2054 1976 fa·

1056 1986 1158 2026 moli,
1183 1984 1316 2024 Genes·
1333 1997 1416 2036 cap.
1442 1987 1481 2024 6.
1506 1985 1547 2025 &
1570 1986 1732 2026 monstra
1756 1987 1796 2026 &
1816 1986 1978 2025 filiorum
1997 1988 2053 2026 1²:-

1056 2037 1171 2076 nochi
1187 2039 1373 2087 degenere
1390 2035 1581 2087 giganteo.
1610 2040 1729 2076 Num.
1741 2049 1828 2090 cap.
1846 2050 1860 2075 1
1872 2051 1907 2089 3.
1922 2049 1963 2076 v.
1982 2050 2052 2089 34.

1056 2100 1205 2127 necnon
1228 2090 1334 2127 turris
1349 2086 1472 2136 Babel,
1499 2087 1635 2128 &eness
1667 2101 1700 2127 c.
1726 2101 1739 2126 1
1754 2100 1789 2127 1.
1809 2090 2050 2140 gigantoma-

1055 2142 1196 2195 chiam,
1221 2140 1377 2190 coelique
1394 2151 1456 2189 per
1472 2141 1629 2179 arduum
1649 2140 1969 2193 oppugnationem
1986 2142 2052 2180 ta-

1054 2193 1216 2232 bulolam
1243 2202 1428 2242 peperere.

1107 2246 1312 2281 Cornutum
1349 2254 1439 2281 vero
1468 2242 1652 2281 Bacchum
1680 2240 1829 2292 dixere,
1866 2241 1975 2292 juxta
2006 2239 2047 2280 id

1049 2294 1147 2346 quod
1169 2294 1293 2331 Exodi
1321 2304 1405 2343 cap.
1441 2305 1505 2343 34.
1521 2305 1558 2331 v.
1581 2305 1648 2342 29.
1687 2294 1727 2332 &
1745 2293 1818 2345 seq.
1844 2294 1978 2345 legitur
2003 2293 2052 2333 de

1051 2356 1206 2384 cornuta
1228 2340 1343 2382 Mosls
1365 2341 1482 2383 facie>
1505 2342 1570 2381 seu
1600 2343 1737 2394 duplici
1763 2346 1918 2384 luminis
1937 2343 2050 2383 radio

1052 2395 1264 2446 conspicua,
1285 2407 1332 2432 ex
1349 2393 1539 2433 consortio
1549 2394 1728 2433 sermonis
1738 2395 1917 2443 Domini,
1933 2406 2051 2447 quem

1055 2447 1228 2486 Israelitae
1247 2444 1403 2497 quidem
1420 2457 1498 2484 non
1515 2444 1590 2485 fine
1612 2457 1715 2487 metu
1741 2459 1782 2486 ac
1798 2447 1948 2499 stupore
1968 2450 2054 2486 ani-

1053 2502 1343 2537 madverterunt.

1105 2548 1234 2596 Adde,
1259 2548 1285 2586 fi
1299 2547 1409 2588 lubet,
1433 2548 1572 2586 Bacchi
1589 2545 1802 2587 descenfflm
1821 2546 1870 2586 ad
1891 2546 2053 2594 Inferos,

1049 2612 1093 2639 ac
1113 2600 1273 2639 reditum
1284 2597 1535 2647 incolumem,
1556 2597 1764 2649 imaginem
1785 2600 1903 2639 videri
1921 2602 2052 2652 genui·

69 2657 225 2697 Bacchus
241 2657 339 2708 pacis
359 2656 524 2706 bellique
550 2654 696 2694 medius
715 2656 757 2694 &
777 2651 911 2691 arbiter
933 2664 1002 2690 ex·
1049 2665 1141 2690 nam
1157 2649 1270 2688 Mofis
1292 2648 1342 2708 ’in
1366 2661 1496 2687 monte
1512 2649 1685 2690 nebuloso
1708 2650 1787 2707 dies
1808 2652 2050 2703 quadraginta

19 2707 111 2746 titit:
154 2710 242 2746 Noe‘
268 2707 440 2759 sequester
462 2707 503 2745 δε
525 2707 739 2744 conciliator
760 2707 880 2742 Deum
905 2705 1004 2742 inter
1045 2712 1339 2748 commorantis,
1363 2712 1480 2752 quem
1500 2703 1672 2740 omnium
1697 2703 1882 2752 opinione
1902 2713 2049 2740 mortu-

16 2757 60 2797 &
78 2757 267 2808 homines,
288 2757 416 2797 audire
432 2759 588 2795 meruit:
613 2759 695 2794 Non
712 2766 816 2794 erunt
835 2757 936 2792 ultra
957 2769 1002 2791 a·
1043 2767 1108 2792 um
1127 2765 1213 2792 cum
1235 2749 1353 2790 rursus
1370 2751 1546 2791 viderunt
1562 2750 1753 2793 Israelitae‚
1779 2754 1884 2792 velut
1906 2753 1955 2793 ab
1978 2755 2051 2802 1115

15 2822 91 2862 qua
115 2810 269 2861 dclxvii,
309 2810 361 2851 ad
390 2809 577 2851 delendum
604 2807 810 2860 mivevffam
839 2819 1006 2849 caernem:
1032 2805 1126 2847 feris
1146 2804 1320 2848 reducem
1343 2815 1384 2846 ac
1401 2803 1611 2846 redivivum
1640 2813 1883 2856 exceperunt.
