2221 3693
217 147 348 227 352
573 122 1075 206 DAcERH
1146 98 1800 203 PRAEFAT'IO.

279 265 409 317 Non
425 261 612 318 desunt,
628 263 816 316 scio,his
833 262 1158 331 temporibus,
1167 263 1251 332 qui
1263 279 1439 332 magna
1453 262 1529 314 illa
1543 262 1779 315 Nomina
1795 259 1884 313 risu
1900 255 2171 333 excipiunt,¹

206 339 293 408 qui
308 336 574 387 reclamant
589 333 827 387 laudibus,
843 335 1021 401 quibus
1037 343 1123 401 per
1138 335 1310 384 omnia
1324 333 1482 386 secula
1498 333 1730 386 celebrati
1749 333 2015 403 *ornatique
2043 333 2182 399 sunt,⁸

206 410 389 476 quique
417 406 519 456 illos
544 404 744 472 spoliare
776 404 929 454 velint
957 405 1013 454 iis
1038 406 1255 460 coronis,
1299 421 1418 473 quas
1459 416 1600 455 tanto
1629 404 1718 454 suo
1749 404 1930 454 merito
1957 402 2021 456 de
2045 400 2182 457 Tri-l

206 477 465 529 bunalibus
489 474 614 526 adeo
643 472 853 543 augustis
883 472 1201 544 reportarunt.
1274 474 1342 526 At
1366 475 1416 525 hi
1441 474 1566 526 dum
1592 474 1754 525 nimio
1773 472 2044 527 efferuntur
2066 472 2168 527 stu-

206 548 294 601 dio
321 565 430 599 eam
459 544 706 597 devitandi
731 544 1259 615 admirationem,quae
1291 556 1445 594 mater
1470 544 1540 597 est
1564 544 2173 614 ignorantiae,imprud‘en·-

203 632 276 671 tes
309 616 561 669 discedunt
600 618 663 668 ab
705 614 849 667 altera
887 614 981 670 illa,
1031 632 1183 685 quam
1214 615 1356 667 Plato
1396 628 1653 684 nuncupat
1678 625 1880 666 matrem
1898 614 2168 683 fhpie‘nt'iae,

205 705 415 760 quaeque
444 690 601 757 prima
627 687 803 738 oculos
827 688 1114 738 hominibus
1144 687 1345 755 aperuit.
1405 685 1630 738 Minime
1660 687 1815 737 miror
1845 686 2171 755 pulchritudi-

204 778 326 812 nem
353 760 483 810 illam
515 758 753 813 divinam,
770 775 881 828 quae
911 757 1039 828 apud
1066 757 1337 827 Scriptores
1361 757 1513 827 longe
1543 755 1958 826 praestantiffimos
1987 757 2170 829 elucet,

204 830 318 883 istos
342 831 572 882 homines
603 846 705 879 non
735 846 929 896 capere,
976 845 1140 897 neque
1166 829 1395 893 trahere3
1444 827 1741 880 infirmiores
1770 827 1897 883 sunt,
1930 829 2084 897 quam
2111 841 2169 883 ut

203 902 378 954 oculos
401 903 540 952 tantis
555 899 887 968 splendoribus
903 901 1113 951 intentos
1138 898 1222 950 diu
1250 913 1417 950 tenere
1448 913 1658 969 queant:
1695 914 1760 949 ne
1781 897 1947 951 dicam
1966 899 2168 964 facilem

201 972 302 1026 esse
332 990 439 1023 rem
470 973 711 1040 Antiquos
735 984 1076 1024 contemnere,
1110 969 1402 1021 laboriosam
1428 972 1551 1021 vero
1582 968 1863 1039 intelligere.
2162 1012 2165 1014 .

277 1042 431 1112 Qiod
465 1041 525 1094 ad
556 1059 638 1094 me
669 1044 855 1096 attinet,
872 1041 1086 1092 Divinos
1107 1041 1213 1094 illos
1228 1040 1373 1093 Viros
1397 1057 1458 1092 ex
1480 1042 1651 1093 animo
1684 1044 1814 1092 totus
1831 1038 2052 1093 admiror
2080 1058 2170 1095 ve-

208 1131 467 1183 nerorque.
513 1113 613 1164 Eos
646 1114 767 1164 mihi
792 1112 982 1180 semper
1004 1114 1074 1163 ob
1092 1111 1265 1163 oculos
1295 1128 1451 1181 pono,
1477 1112 1611 1163 velut
1632 1109 1832 1179 Judices
1847 1112 2090 1165 verendos
2106 1113 2167 1167 &

205 1187 536 1253 incorruptos,
570 1182 698 1252 apud
729 1201 851 1254 quos
881 1183 1087 1235 libenter
1111 1182 1245 1253 fingo
1271 1181 1574 1236 reddendam
1595 1181 1719 1235 mihi
1747 1182 1847 1235 esie
1871 1183 2167 1254 scriptorum
2220 1222 2221 1227 =

206 1273 441 1309 meorum
477 1269 735 1306 rationem.

282 1324 473 1396 Magna
490 1327 684 1377 interim
703 1325 860 1376 ducor
874 1323 1172 1376 Posteritatis
1190 1321 1488 1377 reverentia:
1527 1322 1750 1377 timidior
1770 1341 1921 1394 quam
1939 1323 2170 1379 fidentior

206 1399 396 1466 cogito,
413 1396 554 1466 quale
571 1396 633 1447 de
649 1398 881 1465 operibus
899 1398 1042 1450 meis,
1057 1395 1091 1446 s1
1107 1396 1249 1447 bono
1276 1395 1361 1447 suo
1377 1394 1479 1446 fato
1496 1396 1560 1446 eo
1576 1397 1851 1464 pertingere
1866 1395 2065 1466 possint,
2088 1398 2172 1464 ju⁴

204 1468 395 1520 dicium
410 1468 559 1519 latura
575 1467 643 1518 sit.
678 1467 808 1518 Non
826 1465 938 1517 ideo
952 1479 1120 1518 tamen
1139 1468 1342 1517 minoris
1358 1464 1552 1518 aestimo
1565 1465 1744 1518 doetos
1759 1468 1906 1523 viros,
1921 1467 2171 1538 qui=h0die

207 1544 408 1604 vivunt,
434 1538 715 1592 multisunt,
731 1539 903 1592 fateor,
919 1539 1003 1606 qui
1017 1538 1238 1589 seculum
1255 1535 1481 1589 nostrum
1499 1549 1755 1591 exornant,
1785 1539 1870 1607 qui
1900 1539 2061 1608 priora
2075 1555 2169 1608 po-

207 1610 402 1662 tuissent
418 1626 677 1676 exornare3
711 1611 760 1659 in
779 1609 954 1679 quibus
968 1623 1136 1660 tamen
1152 1625 1215 1660 ne
1229 1625 1388 1660 unum
1405 1606 1607 1675 quidem
1625 1610 1764 1662 novi,
1787 1610 1989 1678 quinon
2007 1610 2173 1661 hono-

209 1683 355 1734 ret&
373 1680 503 1731 colat
520 1681 760 1750 antiquos,
790 1681 871 1732 cui
890 1696 993 1730 non
1009 1678 1145 1730 idem
1164 1678 1299 1749 quod
1316 1678 1403 1730 illis
1428 1678 1589 1747 sapiat,
1614 1691 1695 1730 aut
1711 1681 1796 1748 qui
1826 1696 2005 1732 eorum
2041 1697 2169 1750 prae-

209 1765 354 1821 cepta
381 1769 483 1802 non
500 1751 742 1806 observet,
773 1750 905 1802 unde
931 1765 1171 1819 quantum
1190 1750 1503 1805 aberraveris,
1517 1762 1710 1801 tantum
1728 1751 1793 1801 ab
1810 1748 1910 1818 ipsa
1925 1749 2094 1802 natura
2109 1752 2169 1804 &
2191 1757 2212 1777 ³

210 1825 412 1873 veritate
430 1821 701 1873 discesseris.
739 1820 927 1891 Neque
943 1838 1109 1872 verear
1124 1819 1437 1874 confirmare,
1452 1836 1555 1870 non
1574 1818 1671 1871 esse
1685 1819 1929 1872 difficilius
1947 1820 2044 1872 fine
2056 1800 2172 1874 luce

211 1906 294 1945 aut
317 1893 472 1944 oculis
500 1893 697 1960 obje&a
727 1893 1013 1962 perspicere,
1038 1893 1190 1961 quam
1221 1891 1423 1943 solidam
1456 1890 1655 1942 laudem
1696 1889 1913 1960 adipisci,
1945 1893 2003 1945 &
2032 1890 2171 1962 'inge-

211 1967 353 2016 nium
381 1963 605 2016 excolere
628 1963 724 2014 aliis
741 1964 1026 2018 rationibus,
1059 1965 1208 2032 quam
1239 1979 1352 2032 quas
1368 1960 1539 2014 Graeci
1563 1963 1619 2014 &
1635 1961 1860 2014 Romani
1883 1963 2028 2014 nobis
2045 1980 2172 2035 prae-

210 2035 527 2103 scripserunt:
566 2033 681 2086 Sive
706 2035 839 2086 enim
867 2035 1072 2103 propriis
1099 2033 1250 2085 felicis
1268 2033 1447 2102 ingenii
1480 2033 1663 2084 viribus
1687 2032 1858 2088 innixi,
1872 2031 1970 2085 sive
1986 2034 2050 2086 ab
2068 2047 2170 2087 arte

209 2108 271 2159 &
288 2105 452 2173 studiis
468 2104 875 2159 instruetiaearum
887 2103 1094 2173 vestigiis
1110 2103 1416 2157 succedimus
1428 2116 1609 2154 tamen.
1627 2104 1731 2171 Qui
1749 2116 1912 2155 autem
1928 2104 2172 2174 Antiquos

210 2174 609 2231 damnant,causa
626 2192 729 2226 non
745 2173 959 2243 cognita,
975 2192 1078 2226 non
1094 2177 1183 2227 abs
1195 2193 1246 2226 re
1261 2177 1452 2230 erit,eos
1469 2172 1687 2228 semel&
1704 2173 1841 2226 fimul
1860 2187 1995 2227 tanto
2005 2188 2170 2227 errore

211 2248 438 2302 liberare,
455 2260 506 2298 ut
522 2246 628 2315 ipsis
645 2247 803 2315 palam
821 2246 918 2301 fiat,
935 2245 1133 2300 se,dum
1151 2247 1309 2298 nimio
1322 2248 1369 2296 in
1389 2245 1515 2296 hanc
1532 2258 1727 2305 aetatem
1746 2243 1907 2297 studio
1922 2243 2171 2307 transversi

212 2320 480 2387 rapiuntur,
497 2320 594 2384 ejus
610 2317 757 2368 famae
774 2317 902 2386 apud
920 2316 1138 2386 posteros
1153 2315 1489 2387 gravissimum
1508 2315 1680 2367 vulnus
1698 2315 2033 2384 imprudentes
2045 2317 2174 2368 infli-

181 2448 184 2449 ⁷
213 2405 346 2457 gere.
389 2388 665 2454 Qiodnam
682 2390 818 2440 enim
837 2389 1101 2456 excogitari
1118 2387 1275 2457 potest
1290 2386 1461 2438 clarius
1477 2397 1825 2454 argumentum
1844 2384 1903 2437 ad
1920 2386 2065 2439 seculi
2081 2403 2170 2439 cu-

205 2457 352 2526 jusvis
369 2460 711 2528 ignorantiam,
725 2472 806 2510 aut
824 2458 982 2527 potius
998 2460 1276 2510 barbariem
1294 2455 1757 2510 demonstrandum,
1772 2460 1922 2525 quam
1941 2455 2167 2527 quodibi

214 2528 474 2581 Homerus
505 2529 665 2580 audiat
696 2531 902 2598 ineptus,
931 2528 1073 2580 Plato
1097 2528 1155 2580 ad
1186 2527 1431 2580 fastidium
1451 2526 1679 2596 prolixus,
1701 2526 1979 2579 Aristoteles
1991 2544 2168 2597 parum

214 2599 410 2654 doetus,
434 2599 803 2651 Demosthenes
826 2602 882 2652 &
902 2598 1088 2651 Cicero
1106 2600 1133 2650 ὲ
1150 2601 1294 2650 trivio
1307 2596 1608 2651 Oratorculi,
1622 2596 1848 2666 Virgilius
1865 2596 2017 2664 Po'e'ta
2031 2598 2173 2657 nullis

213 2672 390 2738 gratiis,
408 2670 544 2721 nullo
560 2684 753 2725 ornatu,
771 2669 1006 2721 Horatius
1021 2669 1233 2739 denique
1251 2668 1396 2723 rudis,
1419 2667 1634 2725 humilis,
1657 2668 1713 2721 ὃς
1731 2667 1828 2719 fine
1844 2668 2016 2720 nervis.
2051 2667 2173 2721 Bar-

213 2742 348 2792 barae
364 2740 457 2791 illae
471 2755 636 2810 gentes
653 2757 765 2810 quae
774 2739 1027 2792 Graeciam
1043 2742 1101 2794 &
1126 2740 1312 2792 Italiam
1332 2738 1634 2808 populantes,
1660 2751 1797 2790 tanto
1813 2737 1980 2790 furore
1994 2739 2171 2808 graffa-

212 2810 408 2866 bantur,
444 2811 560 2881 quid
587 2828 807 2880 unquam
831 2813 881 2861 in
911 2810 1129 2862 delendis
1145 2811 1450 2880 pulcerrimis
1472 2807 1717 2860 vetustatis
1745 2810 2082 2861 monumentis
2097 2808 2172 2862 te-

177 2936 181 2940 ,
213 2880 331 2933 tritis
346 2881 441 2933 ausi
458 2882 595 2933 sunt?
631 2880 767 2948 Quid
787 2883 939 2950 magis
954 2881 1297 2933 horrendum?
1331 2878 1524 2932 Verum
1541 2878 1643 2948 spes
1658 2879 1730 2931 est
1755 2896 1862 2931 non
1887 2880 1979 2930 toti
2003 2878 2170 2932 seculo

212 2952 513 3021 imputatum
529 2954 584 3003 iri
600 2951 911 3021 quorundam
928 2951 1205 3031 perversum
1216 2951 1481 3019 judicium,
1496 2966 1590 3001 nec
1606 2949 1831 3021 Antiquis
1844 2947 2000 3001 fraudi
2017 2948 2141 3013 fores.

287 3022 329 3074 F
331 3023 482 3075 tustra
499 3022 772 3091 Imperator
788 3023 868 3073 ille
885 3039 1022 3075 arma
1050 3025 1098 3073 in
1113 3022 1428 3077 Homerum,
1456 3019 1737 3090 Virgilium,
1763 3020 1942 3071 Titum
1962 3019 2169 3084 Livium

213 3095 404 3146 movit:
442 3093 681 3156 incassum
699 3090 926 3145 cecidere
941 3095 1060 3145 tanti
1077 3107 1308 3146 conatus:
1346 3091 1533 3144 bellum
1564 3089 1919 3143 absolutissimis
1935 3091 2168 3158 operibus

211 3162 456 3216 indicium
477 3163 590 3234 quid
611 3162 736 3216 aliud
754 3165 865 3233 egit,
879 3163 964 3214 nisi
980 3164 1040 3215 ad
1056 3180 1324 3216 numerum
1344 3164 1633 3233 ineptiarum
1643 3161 1963 3230 acceffit,quo
1979 3160 2167 3213 laborat

206 3232 352 3301 ipsius
368 3235 579 3291 historia,
609 3230 1091 3305 cumulatioremque
1106 3235 1190 3304 ipsi
1209 3232 1443 3289 invidiam
1462 3231 1589 3304 apud
1605 3232 1823 3303 posteros
1846 3231 2083 3284 conflavit
2102 3231 2124 3285 ἓ

1786 3413 1858 3484 Q.
1878 3412 2160 3468 Hom-1⁴11
