2221 3693
157 84 294 175 348
546 77 1032 152 DAcERu
1103 80 1757 160 PRAEFATIO.

232 210 680 265 Annumeraverim
699 210 849 277 porro
877 211 1026 258 Ennii
1049 212 1220 259 Satiris
1241 209 1438 265 alteram
1467 213 1598 266 illam
1627 215 1845 285 speciem
1861 216 2126 276 versuum3

165 283 250 350 qui
280 281 336 334 ea
360 281 467 334 sunt
491 278 758 332 venustate,
771 276 827 328 ea
850 277 1101 346 elegantia,
1126 294 1180 330 ut
1203 280 1423 335 seculum
1443 283 1592 354 longe
1622 286 1841 356 superare
1857 287 2127 344 videantur.

167 352 306 406 Rem
337 370 440 405 non
472 352 710 419 ingratam
738 347 929 403 fecero,
961 348 995 399 fi
1026 349 1254 402 Lectoris
1278 353 1432 405 oculis
1457 354 1730 422 subjecero.

441 421 558 472 Non
589 417 733 468 habeo
758 417 949 488 denique
979 425 1117 471 nauci
1147 420 1369 490 Marfitm
1395 424 1674 494 Augurem,

443 494 560 542 Non
590 494 781 538 vicanos
813 487 1083 558 Aruspices,
1116 508 1208 542 non
1236 492 1290 542 de
1317 498 1445 544 Circo
1469 494 1757 565 Astrologos,

443 564 559 611 Non
590 560 756 632 Isiacos
788 559 1092 627 Conjec‘tores,
1125 581 1217 613 non
1238 569 1527 632 Interpretes
1547 566 1814 635 sbmnizim:

440 634 558 682 Non
586 635 706 679 enim
727 627 847 697 sunt
876 635 927 685 ii,
960 642 1049 681 aut
1068 631 1288 700 fiientid,
1322 646 1410 684 aut
1434 647 1543 686 arte
1571 636 1771 696 Divini,

440 701 534 753 Sed
545 699 848 772 fitperstitiofi
872 712 1033 758 vates,
1065 703 1322 772 impudente
1343 725 1428 775 que
1453 706 1641 763 harioli,

440 779 557 824 Aut
574 777 763 826 inertes,
796 782 884 820 aut
906 771 1076 841 infimi,
1109 785 1198 823 aut
1221 781 1299 845 qui
1332 794 1382 826 us
1412 777 1577 847 egestas
1602 784 1803 847 imperat
1820 800 1838 833 .·

439 844 541 916 Q?
562 840 638 911 siti
659 840 853 912 qttaesttis
877 841 1034 911 cauſsa
1051 842 1203 915 fifftas
1217 844 1450 914 sitscitant
1465 849 1748 916 sententias,

440 916 542 983 ἔξιτ’
562 912 654 984 fibi
674 912 894 980 semitam
925 932 1016 964 non
1037 914 1251 983 sapiunt,
1286 915 1429 968 alteri
1453 919 1718 989 monstrant
1742 927 1898 980 viam,

440 984 625 1055 Qtibus
653 982 852 1034 divitias
867 982 1162 1051 pollicentur,
1196 986 1257 1036 ab
1280 992 1333 1037 iis
1363 988 1636 1040 drachmam
1649 1003 1857 1061 petunt3

440 1062 517 1107 De
549 1055 729 1105 divitiis
756 1053 983 1105 deducant
1007 1055 1304 1113 drachmam,
1334 1060 1534 1110 reddant
1557 1073 1742 1114 caetera.

161 1128 383 1184 Plurima
413 1143 473 1179 ex
516 1127 587 1177 his
620 1124 781 1178 Satiris
821 1123 1084 1198 desumpfit
1121 1126 1378 1186 Horatius,
1418 1144 1472 1184 ut
1506 1133 1823 1188 manifestum
1861 1136 1951 1190 erit
1981 1149 2122 1193 notas

162 1201 348 1255 nostras
379 1197 662 1253 consulenti.

234 1339 354 1394 Post
384 1339 607 1393 Ennium
637 1352 770 1392 ortus
800 1337 1063 1396 Pacuvius,
1096 1339 1270 1394 Satiras
1298 1341 1396 1413 ipse
1424 1362 1622 1417 quoque
1650 1345 1750 1401 five
1773 1347 2118 1411 Avunculum,

166 1412 267 1466 five
292 1415 464 1465 Avum
497 1428 582 1479 per
612 1423 824 1463 matrem
852 1413 1082 1467 imitatus,
1115 1413 1308 1483 scripsit.
2012 1418 2017 1422 ’

235 1483 400 1536 Natus
414 1483 485 1534 est
506 1481 722 1533 Lucilius
736 1499 798 1533 eo
812 1496 1056 1552 tempore,
1073 1500 1174 1552 quo
1193 1485 1410 1536 maxime
1426 1486 1633 1540 florebat
1646 1488 1906 1545 Pacuvius.
1950 1491 2118 1548 Com-'

165 1555 395 1624 posuit&
421 1554 499 1604 ilie
526 1552 801 1608 Satiras,sed
817 1555 993 1622 quibus
1010 1571 1195 1606 novam
1227 1554 1409 1607 novata
1430 1557 1671 1611 scribendi
1697 1563 1882 1615 ratione
1909 1567 2115 1634 gratiam
2183 1618 2185 1620 ,

167 1625 469 1680 conciliavit,
520 1635 572 1674 ut
602 1625 684 1692 qui
717 1625 948 1694 Antiquae
979 1623 1269 1677 Comoediae
1302 1624 1499 1679 Graecae
1534 1631 1867 1686 characterem
1915 1635 2119 1705 propius

165 1698 443 1764 exprimere
473 1693 709 1747 voluerit:
746 1697 882 1761 cujus
906 1694 1183 1748 admodum
1208 1697 1497 1765 imperfeCla
1513 1717 1573 1752 ex
1603 1701 1754 1772 prisca
1774 1704 1949 1757 Latina
1962 1705 2115 1760 Satira.

167 1765 337 1817 haberi
357 1778 545 1835 poterat
568 1766 756 1820 notitia,
790 1766 929 1834 quale
952 1765 1133 1818 scilicet
1159 1766 1338 1819 faceret
1370 1785 1592 1827 carmen,
1625 1773 1760 1842 quod
1791 1774 1887 1827 sola
1917 1776 2115 1830 Natura

164 1836 485 1891 dictitaverat,
511 1850 772 1905 antequam
803 1837 978 1902 injecta
1006 1838 1123 1889 esset
1145 1837 1389 1890 Romanis
1415 1838 1624 1894 Graecos
1648 1845 1888 1901 imitandi,
1910 1843 2114 1900 eorum'-

162 1924 260 1976 que
289 1907 318 1958 s
341 1907 443 1958 oliis
474 1906 520 1957 se
543 1906 893 1976 iocupletandi,
927 1909 1173 1978 cogitatio.
1244 1907 1322 1962 Ex
1353 1911 1528 1980 quibus
1552 1911 1692 1966 facile
1722 1915 1923 1988 intelligi
1952 1917 2114 1989 potest

160 1976 279 2031 illud
367 1978 525 2032 oratii,
555 1976 653 2028 Sat.
676 1977 713 2028 1.
747 1978 862 2029 Lib.
881 1977 943 2030 ΙΙ.

674 2058 821 2128 Qid,
855 2078 953 2109 cum
978 2057 1041 2128 est
1063 2057 1269 2111 Lucilius
1290 2062 1425 2132 ausas

439 2136 625 2181 Primus
648 2136 697 2181 in
726 2129 846 2179 hunc
877 2135 1019 2197 operis
1043 2146 1300 2198 componere
1329 2136 1539 2185 carmina
1570 2140 1779 2189 morem?

156 2199 293 2253 Noli
334 2214 501 2272 putare
532 2201 802 2252 Horatium
834 2200 1038 2252 voluiffe
1070 2199 1253 2259 dicere,
1303 2204 1452 2256 nullas
1488 2218 1600 2258 ante
1640 2208 1894 2263 Lucilium
1933 2209 2109 2269 Satiras

159 2270 338 2325 factas:
375 2276 495 2324 cum
531 2272 782 2324 Lucilium
813 2270 1142 2340 praecesserint
1170 2272 1356 2326 Ennius
1392 2277 1449 2329 &
1483 2275 1742 2336 Pacuvius,
1784 2298 2001 2350 quorum
2027 2283 2110 2336 ille

160 2341 451 2411 exemplum
485 2342 672 2394 secutus
701 2341 787 2394 est.
831 2340 889 2392 Id
918 2341 1077 2393 solum
1101 2343 1274 2400 voluit,
1291 2345 1544 2399 Lucilium
1568 2365 1756 2402 novam
1778 2349 1961 2404 faciem
1990 2353 2107 2407 huic

158 2414 370 2464 carmini
393 2411 615 2468 induiffe,
632 2411 766 2482 quod
792 2413 1067 2480 perpolivit,
1083 2415 1140 2466 &
1164 2428 1420 2484 propterea
1444 2435 1535 2486 pro
1558 2421 1724 2487 primo
1753 2422 1884 2490 quasi
1907 2423 2110 2477 auctore
2194 2478 2202 2489 ,

159 2482 466 2534 habendum.
502 2483 559 2534 In
582 2483 757 2536 eadem
781 2483 871 2534 fuit
894 2482 1127 2536 sententia
1144 2486 1490 2550 Quintilianus,
1512 2487 1709 2544 Lib.X.
1729 2490 1854 2562 Cap.
1870 2492 1908 2545 Ι.
1943 2500 2113 2560 Satira

158 2553 337 2622 quidem
362 2564 467 2603 tota
496 2553 653 2621 nostra
680 2553 758 2623 est,
791 2557 950 2623 inqua
970 2559 1149 2621 primus
1176 2556 1387 2628 infignem
1403 2555 1581 2609 laudem
1604 2560 2107 2632 adeptusestLucilius.
2187 2621 2191 2625 ,

155 2622 304 2676 Cave
333 2624 415 2675 hic
440 2623 645 2693 pedibus
661 2627 711 2675 in
728 2623 1008 2677 Casauboni
1038 2624 1323 2678 sententiam
1349 2645 1425 2678 eas
1449 2629 1532 2697 qui
1549 2628 1817 2684 Diomedis
1833 2632 1928 2686 fide
1942 2634 2110 2693 fretus,

154 2691 379 2747 Ennii&
401 2694 577 2745 Lucilii
593 2694 764 2747 Satiras
785 2708 894 2747 toto
921 2711 1100 2764 genere
1129 2695 1374 2748 dissentire
1395 2697 1614 2751 credidit.
1661 2701 1791 2755 Vide
1805 2704 1899 2774 ipsa
1916 2703 2105 2758 Gram-

159 2767 328 2816 matici
361 2767 530 2819 verba,
571 2782 682 2834 quae
725 2764 910 2818 subacti
946 2765 1119 2831 judicii
1158 2765 1406 2822 Criticum
1448 2771 1498 2819 in
1538 2786 1757 2826 errorem
1791 2773 2103 2829 induxerunt.

154 2839 322 2885 Satira
337 2834 398 2903 est
415 2852 598 2884 carmen
614 2836 741 2902 apud
756 2842 1003 2890 Romanos,
1017 2853 1107 2885 non
1121 2838 1298 2906 quidem
1315 2838 1441 2908 apud
1448 2842 1630 2892 Graecos
1645 2842 1930 2901 maledicum,
1943 2840 2009 2903 ὀ»
2037 2846 2107 2898 ad

153 2905 385 2971 carpenda
414 2904 643 2955 hominum
673 2911 818 2961 vitia,
850 2904 1073 2956 Archaeae
1089 2908 1322 2961 Comoediae
1340 2909 1608 2962 charadtere
1635 2915 1936 2987 compofitum,
1963 2915 2102 2986 quale

139 2974 427 3043 sbripfi’rant
443 2974 663 3031 Lucilius,
680 2970 744 3033 ὥσ
762 2971 1076 3032 Horatius,&
1087 2978 1279 3049 Perfius.
1307 2979 1400 3030 Sed
1406 2977 1511 3030 olim
1524 2998 1727 3040 carmen,
1740 2985 1933 3054 quodex
1947 2991 2105 3039 variis

140 3045 430 3112 poematibus
445 3044 864 3115 constabat,Satira
878 3044 1552 3119 dicebatur,qualefiripfi’runt
1566 3055 1803 3105 Pacuvius
1817 3052 1881 3113 ὠ
1898 3061 2101 3109 Ennius.

151 3116 370 3184 Apparet
394 3114 705 3167 Diomedem
747 3115 1039 3184 distinguere
1067 3116 1279 3170 Satiram
1307 3120 1507 3175 Lucilii,
1542 3123 1606 3174 ab
1638 3123 1695 3176 ea
1733 3143 1886 3194 quam
1916 3126 2099 3196 scripsit

151 3183 340 3236 Ennius
368 3187 425 3239 &
450 3185 708 3238 Pacuvius.
757 3185 988 3238 Ridicula
1011 3200 1176 3238 autem
1201 3189 1260 3241 &
1289 3192 1502 3241 omnino
1522 3191 1630 3244 falsa
1660 3194 1732 3246 est
1760 3196 1898 3262 hujus
1926 3196 2096 3249 distin-

149 3253 325 3306 &ionis
354 3273 426 3310 ea,
458 3273 606 3325 quam
634 3255 808 3312 reddit,
837 3257 972 3307 ratio.
1024 3254 1155 3307 Non
1183 3257 1287 3310 satis
1313 3260 1684 3330 investigaverat
1704 3265 1864 3318 homo
1887 3267 2093 3336 fimplex

148 3339 371 3378 naturam
400 3329 456 3381 ὃς
480 3329 723 3399 originem
748 3325 988 3402 utriusque
1004 3325 1189 3387 Satirae‚
1220 3345 1337 3402 quae
1353 3334 1567 3389 omnino
1590 3339 1957 3394 conveniebant
1985 3349 2090 3389 tam

1887 3404 2088 3486 materia
