2221 3693
428 93 919 215 DAcERu
996 85 1657 214 PRAEFATIO.
1879 147 2011 236 34³9

69 272 272 327 materia
295 292 445 345 quam
476 275 654 328 forma.
725 275 869 328 Nam
898 275 1017 327 nihil
1044 279 1108 326 eo
1137 275 1355 327 attulerat
1384 271 1605 325 Lucilius
1645 282 1819 341 praeter
1853 273 2024 324 nitoris

66 346 130 398 &
155 344 254 397 salis
285 345 579 415 plusculum,
625 349 675 398 in
709 345 903 399 summa
933 349 1002 398 rei
1043 345 1173 397 nulla
1218 345 1389 414 insigni
1430 344 1697 396 variatione
1742 341 1884 394 faita.
1957 342 2025 394 Et

68 431 198 484 quan
237 433 352 468 uam
378 434 484 468 non
515 420 835 484 conjunxerat
867 417 1001 486 plura
1028 416 1253 468 versuum
1279 432 1457 485 genera
1487 415 1536 464 in
1567 412 1751 465 eodem
1780 414 2025 475 carmine,

66 485 189 538 sicut
246 489 404 542 nnius,
418 489 601 540 fecerat
618 502 786 540 tamen
800 487 982 538 diversa
999 489 1237 541 carmina,
1253 503 1467 556 quorum
1485 484 1573 536 alia
1589 488 1773 553 integra
1788 482 2024 536 Verfibus

65 553 398 613 Hexametris,
411 558 500 610 alia
514 558 765 614 Iambicis,
779 558 868 609 alia
882 557 1177 609 Trochaicis
1197 556 1508 611 constabant,
1536 569 1590 606 ut
1615 556 1767 624 liquet
1796 571 1856 606 ex
1879 554 2026 624 ipsius

64 625 364 696 fragmentis.
436 627 518 681 Ut
545 631 704 681 verbo
734 628 920 683 dicam,
954 628 988 679 s1
1015 627 1284 680 Lucilianae
1316 626 1484 678 Satirae
1518 625 1693 677 diverfi
1733 627 1921 695 generis
1950 627 2018 678 ab

65 694 298 750 Ennianis
320 698 434 751 ideo
458 700 715 752 censendae
745 700 852 754 sint,
886 698 1022 769 quod
1046 699 1125 750 ille
1151 699 1284 749 hunc
1309 696 1552 750 scribendi
1583 712 1683 748 arte
1710 697 1858 765 longe
1882 696 2025 767 supos-

64 770 262 824 raverit,
288 772 358 821 uti
387 770 545 823 voluit
569 770 907 825 Casaubonus,
923 767 1224 839 consequens
1254 770 1345 820 erit
1365 767 1562 820 Horatii
1578 784 1778 837 quoque
1800 767 1973 819 Satiras
1997 767 2026 819 a

71 837 339 891 Lucilianis
369 839 542 893 diverfi
583 841 772 911 prorsus
810 840 949 893 fuiffe
977 842 1182 910 generis,
1215 837 1620 909 quandoquidem
1651 838 1888 890 Horatius
1921 854 2029 889 non

68 909 233 961 minus
257 913 419 963 evexit
446 910 619 964 Satiras
646 911 745 965 suas
772 911 907 981 supra
928 911 1200 966 Lucilium,
1234 910 1385 980 quarn
1405 909 1485 960 ille
1509 908 1612 960 suas
1640 909 1777 979 supra
1798 907 2026 961 Ennium

64 981 126 1033 &
149 978 431 1034 Pacuvium
454 996 694 1035 evexerat.
731 982 971 1034 Douzam
990 998 1189 1052 quoque
1206 981 1261 1033 F.
1275 979 1443 1033 fefellit
1465 980 1553 1032 iste
1580 978 1845 1032 Diomedis
1868 979 2028 1032 locus,

68 1048 195 1103 Hoc
226 1069 331 1103 non
355 1055 420 1104 eo
448 1052 566 1109 dixi,
599 1052 735 1124 quod
758 1070 978 1105 errorem
1003 1054 1167 1105 levem
1185 1065 1437 1105 tantorum
1459 1053 1683 1103 virorum
1712 1063 1883 1103 notare
1907 1067 2027 1120 gau-

68 1120 236 1178 deam,
268 1122 348 1175 sed
372 1122 530 1175 solum
561 1137 616 1175 ut
645 1123 1007 1179 demonstrem,
1040 1121 1218 1192 quanta
1248 1139 1369 1174 cum
1395 1120 1513 1174 cura
1543 1123 1603 1176 δε
1630 1120 1816 1173 cautela
1841 1137 2026 1174 eorum

68 1208 219 1263 opera
247 1192 406 1263 legere
435 1209 677 1264 oporteat,
711 1196 798 1247 ubi
828 1194 890 1247 de
920 1212 972 1246 re
996 1197 1150 1264 agitur
1173 1191 1382 1246 obscura.
1411 1192 1536 1245 adeo
1568 1194 1627 1246 &
1657 1190 1867 1262 antiqua.

139 1262 370 1334 Antiquae
384 1265 552 1317 Satirae
567 1265 627 1318 ad
638 1265 813 1317 Scenae
829 1265 965 1317 usum
985 1264 1276 1334 compositae
1285 1263 1535 1316 Naturam
1552 1261 2026 1333 declaravi,planum

69 1330 168 1386 feci
197 1334 312 1386 inde
335 1335 624 1406 exemplum
649 1336 738 1388 fibi
766 1335 1012 1406 sumpsisse
1029 1335 1269 1388 Ennium,
1301 1334 1403 1387 latis
1430 1334 1644 1403 denique
1668 1333 2027 1386 confirmatum

73 1403 189 1456 dedi
220 1404 368 1458 Ennii
385 1406 687 1476 Pacuviique
713 1406 928 1474 ejusdem
953 1406 1052 1458 effe
1080 1407 1266 1476 generis
1289 1422 1411 1458 cum
1443 1405 1604 1457 Satiris
1629 1404 1808 1456 Lucilii
1829 1406 1888 1458 δε
1911 1403 2030 1456 Ho-

70 1476 195 1531 ratii,
226 1476 361 1546 quod
391 1491 559 1529 tamen
587 1494 790 1531 carmen
822 1495 926 1529 non
955 1478 1041 1528 nili
1066 1479 1128 1529 ab
1145 1475 1362 1529 Horatio
1385 1474 1447 1528 ad
1473 1476 1759 1546 supremum
1780 1474 2026 1546 fastigium

70 1545 368 1615 perductum
394 1547 479 1602 est.
510 1549 627 1616 Jam
653 1547 712 1600 ad
733 1547 935 1601 alterum
955 1547 1124 1600 Satirae
1138 1544 1456 1618 genus,quod
1473 1548 1638 1617 recepi
1652 1547 2029 1616 exponendum,

70 1615 208 1686 quod
225 1618 454 1689 &ipsum
471 1636 671 1689 quoque
695 1620 759 1671 ab
786 1618 981 1688 antiqua
997 1620 1240 1689 originem
1265 1617 1419 1672 duxit,
1452 1632 1647 1687 tempus
1664 1617 1734 1669 est
1762 1616 2026 1672 accedere:

71 1702 131 1738 ea
169 1686 241 1740 est
279 1706 390 1758 quae
428 1690 690 1759 appellatur
716 1695 881 1740 Satira
908 1693 1208 1740 Varroniana
1250 1688 1328 1740 vel
1359 1693 1624 1757 Menippea,
1673 1687 1808 1758 quod
1837 1690 2027 1758 primus

69 1759 172 1825 ejus
193 1759 366 1811 auctor
389 1760 508 1812 esset
532 1759 691 1812 Varro
714 1760 1070 1812 Romanorum
1100 1758 1424 1814 doctissimus,
1459 1757 1694 1828 quodque
1718 1760 1768 1809 in
1787 1776 1850 1811 eo
1873 1775 2028 1830 opere

71 1827 308 1900 Menippi
340 1829 647 1887 Gadarensis,
681 1830 965 1901 Philosophi
991 1830 1191 1899 Cynici,
1225 1847 1389 1882 mores
1418 1831 1631 1881 imitatus
1660 1830 1792 1881 effer.
1914 1830 1919 1831 ⁷

147 1899 270 1952 Nec
296 1899 392 1953 sola
423 1903 705 1954 carminum
731 1904 956 1955 varietate
980 1899 1122 1955 mista
1143 1900 1213 1953 est
1241 1900 1329 1953 ista
1358 1900 1528 1955 Satira,
1561 1899 1720 1952 Varro
1736 1902 1781 1951 ei
1810 1902 2030 1970 interpo-

71 1967 226 2022 suerat
253 1971 446 2041 prosam
477 1975 773 2028 orationem,
806 1974 1091 2042 promiscuo
1119 1973 1268 2025 etiam
1302 1971 1387 2023 usu
1421 1970 1591 2022 Graeci
1623 1973 1680 2023 δε
1716 1971 1880 2022 Latini
1910 1971 2026 2024 Ser·-

74 2042 252 2093 monis.
324 2043 652 2109 Quintilianus
681 2043 744 2094 de
777 2043 955 2096 Lucilii
982 2042 1133 2096 Satira
1160 2043 1353 2095 locutus
1384 2040 1534 2096 addit,
1568 2039 1797 2092 Alterum
1822 2039 1945 2092 illud
1960 2041 2024 2113 est

73 2106 280 2178 &prius
304 2117 478 2163 Satirae
489 2132 647 2178 genus,
661 2113 785 2184 quod
794 2133 885 2164 non
889 2112 1040 2182 fidum
1065 2119 1319 2164 carminum
1350 2118 1595 2163 varietate
1619 2111 1798 2182 mistum
1829 2112 2025 2163 condidit

73 2185 314 2233 Terentius
331 2186 500 2239 Varro,
530 2189 611 2234 vir
627 2190 940 2236 Romanorum
956 2183 1289 2252 eruditiffimus,
1315 2186 1450 2250 cujus
1479 2183 1579 2235 loci
1604 2186 1749 2235 unica
1765 2181 2025 2236 difficultas

73 2253 126 2304 in
155 2269 220 2304 eo
245 2252 399 2322 polita
424 2253 511 2309 est,
545 2254 682 2324 quod
712 2253 923 2307 affirmet
945 2256 1272 2322 Quintilianus
1294 2255 1421 2306 hanc
1439 2253 1646 2306 Satiram
1665 2253 2024 2306 Varronianam

73 2321 217 2383 fuiffe
241 2326 474 2393 priorem.
546 2326 670 2393 Qio
703 2328 838 2377 enim
864 2325 1011 2395 paeto
1047 2325 1164 2378 illud
1195 2324 1296 2376 fieri
1328 2326 1505 2394 potuit,
1539 2341 1661 2376 cum
1691 2337 1833 2376 aetate
1859 2326 2021 2377 multo

76 2393 317 2464 posterior
346 2394 546 2448 Lucilio
575 2395 719 2447 fuerit
746 2396 940 2448 Varro?
976 2396 1042 2447 At
1066 2395 1272 2448 Satiram
1298 2396 1531 2447 Varronis
1556 2409 1783 2464 tempore
1805 2397 2024 2465 priorem

73 2464 233 2520 fuisse,
264 2482 322 2517 ea
345 2468 466 2517 vero
498 2480 602 2516 non
635 2465 704 2517 est
735 2467 1023 2534 Qintiliani
1048 2484 1205 2521 mens,
1239 2467 1419 2536 quippe
1446 2467 1532 2534 qui
1556 2468 1715 2534 probe
1739 2465 1878 2517 sciret
1907 2484 2022 2519 eam

77 2534 243 2587 multis
278 2538 412 2587 annis
448 2535 588 2588 fuisse
621 2540 965 2589 recentiorem.
1038 2536 1095 2588 Id
1123 2537 1294 2592 voluit,
1330 2536 1534 2588 Satiram
1563 2536 1690 2588 hanc
1728 2539 1792 2587 ita
1823 2536 2025 2591 mistam

78 2607 232 2674 magis
261 2606 591 2676 compositam
621 2606 718 2658 effe
742 2606 801 2658 ad
819 2606 967 2658 Ennii
996 2609 1052 2661 ὃς
1070 2607 1294 2662 Pacuvii,
1309 2609 1392 2676 qui
1413 2609 1462 2657 in
1483 2606 1643 2658 Satiris
1659 2606 1745 2658 suis
1766 2607 1919 2658 multa
1935 2608 2026 2660 sibi

77 2673 227 2726 licere
240 2676 518 2732 voluerunt,
532 2695 680 2746 quam
701 2677 758 2729 ad
773 2678 952 2730 Lucilii
965 2679 1269 2746 exemplum,
1280 2679 1364 2746 qui
1381 2677 1535 2729 musas
1551 2677 1705 2729 coluit
1717 2678 1990 2731 severiore&

150 2744 296 2797 Nihil
323 2749 468 2798 nobis
495 2748 637 2799 restat
668 2748 817 2800 hodie
843 2765 903 2800 ex
919 2748 1151 2799 Varronis
1178 2748 1356 2802 Satiris,
1390 2762 1562 2815 praeter
1593 2747 1862 2818 fragmenta
1889 2766 2024 2818 qua:-

79 2811 217 2869 dam‚
249 2833 402 2886 eaque
423 2819 693 2869 maximam
724 2833 914 2880 partem
945 2818 1336 2888 corruptiffima3
1371 2818 1645 2887 titulosque,
1677 2836 1890 2888 quorum
1917 2820 2023 2889 plu-

38 2949 41 2951 ,
79 2886 196 2937 rimi
218 2885 325 2938 sunt
348 2887 583 2956 duplices,
616 2890 699 2958 qui
727 2888 913 2942 indicio
937 2889 1062 2959 sunt,
1099 2902 1276 2959 quanta
1316 2888 1434 2940 esset
1465 2891 1664 2941 varietas
1691 2892 2024 2949 materiarum,

79 2972 197 3026 quas
217 2955 376 3009 Varro
403 2958 499 3010 illic
526 2958 826 3011 traetaverat.

151 3023 355 3078 Senecae
372 3027 865 3098 Apocolocynthofis,
879 3028 1036 3080 Bo‘etii
1051 3028 1112 3081 de
1123 3027 1472 3080 Consolatione
1481 3028 1808 3099 Philosophiae
1820 3028 2027 3085 libellus,

83 3097 146 3152 &
163 3094 381 3148 Petronii
398 3100 582 3150 Arbitri
598 3099 851 3167 Satyricon
866 3101 972 3151 sunt
990 3100 1156 3151 Satirae
1171 3098 1483 3152 Varronianis
1503 3103 1715 3152 omnino
1734 3100 1921 3151 similes.

63 3219 67 3223 ,
155 3165 288 3217 Haec
316 3165 466 3219 habui
493 3168 556 3219 de
570 3168 730 3221 Satiris
751 3173 808 3231 sin
831 3187 1009 3239 genere
1033 3168 1266 3223 dicenda:
1299 3170 1433 3238 plura
1449 3173 1498 3221 in
1515 3171 1613 3221 hoc
1631 3184 1921 3237 argumento
1938 3168 2029 3221 dis-

84 3236 239 3289 serere
261 3235 612 3306 supervacuum
639 3239 770 3290 effet'.
819 3239 877 3291 In
901 3242 1027 3292 notis
1055 3240 1227 3291 nostris
1243 3240 1566 3292 commodior
1594 3243 1682 3289 erit
1705 3242 1841 3291 locus
1858 3239 2026 3292 Hora-

83 3309 323 3358 tianarum
339 3305 602 3360 Satirarum
618 3323 841 3361 naturam
853 3310 1118 3362 enarrandi.
1159 3310 1348 3362 Interea
1363 3310 1477 3361 illud
1503 3310 1652 3361 velim
1671 3309 2024 3362 animadvertat

88 3377 296 3446 LeAEtor,
320 3376 556 3453 Latinum
574 3378 896 3451 Vocabulum
915 3380 1081 3436 Satira:
1111 3394 1212 3436 tam
1239 3379 1484 3453 designare
1508 3379 1791 3439 Sermones,
1809 3383 1891 3452 qui
1909 3377 2024 3431 Vir-

1863 3462 2024 3505 tutem
