<?xml version="1.0" encoding="UTF-8"?>
<!DOCTYPE html PUBLIC "-//W3C//DTD XHTML 1.0 Transitional//EN"
    "http://www.w3.org/TR/xhtml1/DTD/xhtml1-transitional.dtd">
<html xmlns="http://www.w3.org/1999/xhtml" xml:lang="en" lang="en">
 <head>
  <title>
</title>
<meta http-equiv="Content-Type" content="text/html;charset=utf-8" />
  <meta name='ocr-system' content='tesseract 3.04.00' />
  <meta name='ocr-capabilities' content='ocr_page ocr_carea ocr_par ocr_line ocrx_word'/>
</head>
<body>
  <div class='ocr_page' id='page_1' title='image "./quintihoratiifla40hora_0364.png"; bbox 0 0 2221 3693; ppageno 0'>
   <div class='ocr_carea' id='block_1_1' title="bbox 200 56 1790 157">
    <p class='ocr_par' dir='ltr' id='par_1_1' title="bbox 200 56 1790 157">
     <span class='ocr_line' id='line_1_1' title="bbox 200 56 1790 157; baseline 0.004 -33"><span class='ocrx_word' id='word_1_1' title='bbox 200 79 337 157; x_wconf 70' lang='lat'>350</span> <span class='ocrx_word' id='word_1_2' title='bbox 556 59 1054 130; x_wconf 76' lang='lat' dir='ltr'>DACERII</span> <span class='ocrx_word' id='word_1_3' title='bbox 1132 56 1790 131; x_wconf 76' lang='lat' dir='ltr'><strong>PRAEFATIO.</strong></span> 
     </span>
    </p>
   </div>
   <div class='ocr_carea' id='block_1_2' title="bbox 178 184 2221 3441">
    <p class='ocr_par' dir='ltr' id='par_1_2' title="bbox 186 184 2221 738">
     <span class='ocr_line' id='line_1_2' title="bbox 190 184 2165 256; baseline 0.001 -14"><span class='ocrx_word' id='word_1_4' title='bbox 190 205 352 242; x_wconf 88' lang='lat' dir='ltr'>tutem</span> <span class='ocrx_word' id='word_1_5' title='bbox 381 189 765 242; x_wconf 82' lang='lat' dir='ltr'>commendent,</span> <span class='ocrx_word' id='word_1_6' title='bbox 790 188 941 256; x_wconf 59' lang='lat' dir='ltr'>quarn</span> <span class='ocrx_word' id='word_1_7' title='bbox 974 189 1057 255; x_wconf 77' lang='lat' dir='ltr'>qui</span> <span class='ocrx_word' id='word_1_8' title='bbox 1088 188 1204 238; x_wconf 82' lang='lat' dir='ltr'>vitia</span> <span class='ocrx_word' id='word_1_9' title='bbox 1229 186 1535 238; x_wconf 64' lang='lat' dir='ltr'>insectentur.</span> <span class='ocrx_word' id='word_1_10' title='bbox 1583 185 1818 237; x_wconf 75' lang='lat' dir='ltr'>Omnino</span> <span class='ocrx_word' id='word_1_11' title='bbox 1850 184 1983 238; x_wconf 88' lang='lat' dir='ltr'>aliter</span> <span class='ocrx_word' id='word_1_12' title='bbox 2013 188 2059 241; x_wconf 88' lang='lat' dir='ltr'>se</span> <span class='ocrx_word' id='word_1_13' title='bbox 2083 207 2165 244; x_wconf 68' lang='lat' dir='ltr'>res</span> 
     </span>
     <span class='ocr_line' id='line_1_3' title="bbox 187 257 2158 329; baseline -0.001 -16"><span class='ocrx_word' id='word_1_14' title='bbox 187 262 340 314; x_wconf 84' lang='lat' dir='ltr'>habet</span> <span class='ocrx_word' id='word_1_15' title='bbox 356 264 405 312; x_wconf 88' lang='lat' dir='ltr'>in</span> <span class='ocrx_word' id='word_1_16' title='bbox 423 259 584 329; x_wconf 69' lang='lat' dir='ltr'>lingua</span> <span class='ocrx_word' id='word_1_17' title='bbox 609 257 788 311; x_wconf 60' lang='lat' dir='ltr'>nostra,</span> <span class='ocrx_word' id='word_1_18' title='bbox 824 259 908 308; x_wconf 85' lang='lat' dir='ltr'>ubi</span> <span class='ocrx_word' id='word_1_19' title='bbox 936 259 1220 309; x_wconf 86' lang='lat' dir='ltr'>velnomen</span> <span class='ocrx_word' id='word_1_20' title='bbox 1245 259 1401 327; x_wconf 86' lang='lat' dir='ltr'>ipsum</span> <span class='ocrx_word' id='word_1_21' title='bbox 1423 258 1591 309; x_wconf 73' lang='lat' dir='ltr'>Satirae</span> <span class='ocrx_word' id='word_1_22' title='bbox 1608 270 1846 308; x_wconf 89' lang='lat' dir='ltr'>terrorem</span> <span class='ocrx_word' id='word_1_23' title='bbox 1862 259 2036 311; x_wconf 85' lang='lat' dir='ltr'>incutit</span> <span class='ocrx_word' id='word_1_24' title='bbox 2050 259 2158 317; x_wconf 82' lang='lat' dir='ltr'>illis,</span> 
     </span>
     <span class='ocr_line' id='line_1_4' title="bbox 189 326 2221 402; baseline -0 -18"><span class='ocrx_word' id='word_1_25' title='bbox 189 334 276 402; x_wconf 88' lang='lat' dir='ltr'>qui</span> <span class='ocrx_word' id='word_1_26' title='bbox 305 333 352 383; x_wconf 74' lang='lat' dir='ltr'>se</span> <span class='ocrx_word' id='word_1_27' title='bbox 378 333 601 383; x_wconf 73' lang='lat' dir='ltr'>simulant</span> <span class='ocrx_word' id='word_1_28' title='bbox 630 329 678 380; x_wconf 88' lang='lat' dir='ltr'>id</span> <span class='ocrx_word' id='word_1_29' title='bbox 709 328 807 380; x_wconf 85' lang='lat' dir='ltr'>effe</span> <span class='ocrx_word' id='word_1_30' title='bbox 834 327 970 397; x_wconf 89' lang='lat' dir='ltr'>quod</span> <span class='ocrx_word' id='word_1_31' title='bbox 1001 345 1106 379; x_wconf 91' lang='lat' dir='ltr'>non</span> <span class='ocrx_word' id='word_1_32' title='bbox 1140 328 1287 394; x_wconf 76' lang='lat' dir='ltr'>sunt5</span> <span class='ocrx_word' id='word_1_33' title='bbox 1338 327 1467 397; x_wconf 84' lang='lat' dir='ltr'>apud</span> <span class='ocrx_word' id='word_1_34' title='bbox 1497 345 1589 378; x_wconf 91' lang='lat' dir='ltr'>nos</span> <span class='ocrx_word' id='word_1_35' title='bbox 1614 329 1752 378; x_wconf 87' lang='lat' dir='ltr'>enim</span> <span class='ocrx_word' id='word_1_36' title='bbox 1787 326 1956 380; x_wconf 85' lang='lat' dir='ltr'>audito</span> <span class='ocrx_word' id='word_1_37' title='bbox 1987 330 2158 383; x_wconf 82' lang='lat' dir='ltr'>Satirae</span> <span class='ocrx_word' id='word_1_38' title='bbox 2220 331 2221 335; x_wconf 69' lang='grc'>’</span> 
     </span>
     <span class='ocr_line' id='line_1_5' title="bbox 187 398 2154 468; baseline -0.003 -13"><span class='ocrx_word' id='word_1_39' title='bbox 187 405 398 455; x_wconf 87' lang='lat' dir='ltr'>nomine</span> <span class='ocrx_word' id='word_1_40' title='bbox 429 405 681 451; x_wconf 70' lang='lat' dir='ltr'>con-vicium</span> <span class='ocrx_word' id='word_1_41' title='bbox 708 398 999 468; x_wconf 71' lang='lat' dir='ltr'><strong>intelligitur.</strong></span> <span class='ocrx_word' id='word_1_42' title='bbox 1050 398 1243 451; x_wconf 86' lang='lat' dir='ltr'>Eadem</span> <span class='ocrx_word' id='word_1_43' title='bbox 1267 413 1434 450; x_wconf 73' lang='lat' dir='ltr'>tamen</span> <span class='ocrx_word' id='word_1_44' title='bbox 1467 399 1733 467; x_wconf 78' lang='lat' dir='ltr'>utrobique</span> <span class='ocrx_word' id='word_1_45' title='bbox 1763 414 1865 448; x_wconf 75' lang='lat' dir='ltr'>vox</span> <span class='ocrx_word' id='word_1_46' title='bbox 1893 399 1979 450; x_wconf 89' lang='lat' dir='ltr'>est.</span> <span class='ocrx_word' id='word_1_47' title='bbox 2052 401 2154 454; x_wconf 89' lang='lat' dir='ltr'>Sed</span> 
     </span>
     <span class='ocr_line' id='line_1_6' title="bbox 186 467 2153 542; baseline 0.001 -17"><span class='ocrx_word' id='word_1_48' title='bbox 186 472 354 526; x_wconf 81' lang='lat' dir='ltr'>Latini</span> <span class='ocrx_word' id='word_1_49' title='bbox 383 473 674 542; x_wconf 79' lang='lat' dir='ltr'>plerumque</span> <span class='ocrx_word' id='word_1_50' title='bbox 706 472 754 520; x_wconf 90' lang='lat' dir='ltr'>in</span> <span class='ocrx_word' id='word_1_51' title='bbox 781 470 1024 521; x_wconf 86' lang='lat' dir='ltr'>librorum</span> <span class='ocrx_word' id='word_1_52' title='bbox 1055 469 1216 526; x_wconf 85' lang='lat' dir='ltr'>titulis,</span> <span class='ocrx_word' id='word_1_53' title='bbox 1255 470 1562 539; x_wconf 83' lang='lat' dir='ltr'>respexerunt</span> <span class='ocrx_word' id='word_1_54' title='bbox 1589 469 1728 520; x_wconf 87' lang='lat' dir='ltr'>vocis</span> <span class='ocrx_word' id='word_1_55' title='bbox 1745 467 1887 537; x_wconf 76' lang='lat' dir='ltr'>ipsius</span> <span class='ocrx_word' id='word_1_56' title='bbox 1909 485 2153 527; x_wconf 77' lang='lat' dir='ltr'>naturam,</span> 
     </span>
     <span class='ocr_line' id='line_1_7' title="bbox 187 539 2156 612; baseline -0.001 -15"><span class='ocrx_word' id='word_1_57' title='bbox 187 546 249 598; x_wconf 83' lang='lat'>&amp;</span> <span class='ocrx_word' id='word_1_58' title='bbox 278 547 518 612; x_wconf 74' lang='lat' dir='ltr'>integram</span> <span class='ocrx_word' id='word_1_59' title='bbox 546 559 656 593; x_wconf 85' lang='lat' dir='ltr'>eam</span> <span class='ocrx_word' id='word_1_60' title='bbox 684 539 1108 610; x_wconf 76' lang='lat' dir='ltr'>significationem,</span> <span class='ocrx_word' id='word_1_61' title='bbox 1123 559 1273 610; x_wconf 86' lang='lat' dir='ltr'>quam</span> <span class='ocrx_word' id='word_1_62' title='bbox 1290 541 1440 592; x_wconf 86' lang='lat' dir='ltr'>habet</span> <span class='ocrx_word' id='word_1_63' title='bbox 1457 556 1517 590; x_wconf 79' lang='lat' dir='ltr'>ex</span> <span class='ocrx_word' id='word_1_64' title='bbox 1534 539 1856 609; x_wconf 76' lang='lat' dir='ltr'>etymologia,</span> <span class='ocrx_word' id='word_1_65' title='bbox 1887 558 2008 593; x_wconf 83' lang='lat' dir='ltr'>curn</span> <span class='ocrx_word' id='word_1_66' title='bbox 2021 542 2156 595; x_wconf 88' lang='lat' dir='ltr'>Galli</span> 
     </span>
     <span class='ocr_line' id='line_1_8' title="bbox 188 610 2152 684; baseline 0.002 -18"><span class='ocrx_word' id='word_1_67' title='bbox 188 615 442 684; x_wconf 82' lang='lat' dir='ltr'>respiciant</span> <span class='ocrx_word' id='word_1_68' title='bbox 471 615 691 682; x_wconf 85' lang='lat' dir='ltr'>primum</span> <span class='ocrx_word' id='word_1_69' title='bbox 726 614 783 665; x_wconf 83' lang='lat'>&amp;</span> <span class='ocrx_word' id='word_1_70' title='bbox 814 611 1204 681; x_wconf 79' lang='lat' dir='ltr'>frequentiorem</span> <span class='ocrx_word' id='word_1_71' title='bbox 1233 613 1372 664; x_wconf 86' lang='lat' dir='ltr'>vocis</span> <span class='ocrx_word' id='word_1_72' title='bbox 1395 610 1537 662; x_wconf 84' lang='lat' dir='ltr'>usum</span> <span class='ocrx_word' id='word_1_73' title='bbox 1561 611 1760 662; x_wconf 83' lang='lat' dir='ltr'>tributae</span> <span class='ocrx_word' id='word_1_74' title='bbox 1790 611 1897 678; x_wconf 86' lang='lat' dir='ltr'>jam</span> <span class='ocrx_word' id='word_1_75' title='bbox 1938 612 2054 666; x_wconf 89' lang='lat' dir='ltr'>inde</span> <span class='ocrx_word' id='word_1_76' title='bbox 2086 615 2152 668; x_wconf 88' lang='lat' dir='ltr'>ab</span> 
     </span>
     <span class='ocr_line' id='line_1_9' title="bbox 186 682 1142 738; baseline -0.005 0"><span class='ocrx_word' id='word_1_77' title='bbox 186 687 329 738; x_wconf 81' lang='lat' dir='ltr'>initio</span> <span class='ocrx_word' id='word_1_78' title='bbox 359 685 568 735; x_wconf 61' lang='lat' dir='ltr'>disteriis</span> <span class='ocrx_word' id='word_1_79' title='bbox 599 685 656 737; x_wconf 86' lang='lat'>&amp;</span> <span class='ocrx_word' id='word_1_80' title='bbox 684 682 1142 734; x_wconf 61' lang='lat' dir='ltr'>obtrectationibus.</span> 
     </span>
    </p>

    <p class='ocr_par' dir='ltr' id='par_1_3' title="bbox 178 750 2159 1377">
     <span class='ocr_line' id='line_1_10' title="bbox 260 750 2155 823; baseline -0.001 -16"><span class='ocrx_word' id='word_1_81' title='bbox 260 753 536 809; x_wconf 82' lang='lat' dir='ltr'>Scribenda</span> <span class='ocrx_word' id='word_1_82' title='bbox 562 770 727 805; x_wconf 88' lang='lat' dir='ltr'>autem</span> <span class='ocrx_word' id='word_1_83' title='bbox 760 772 817 804; x_wconf 81' lang='lat' dir='ltr'>ea</span> <span class='ocrx_word' id='word_1_84' title='bbox 850 770 950 804; x_wconf 81' lang='lat' dir='ltr'>vox</span> <span class='ocrx_word' id='word_1_85' title='bbox 982 753 1158 804; x_wconf 87' lang='lat' dir='ltr'>Latine</span> <span class='ocrx_word' id='word_1_86' title='bbox 1192 769 1278 823; x_wconf 89' lang='lat' dir='ltr'>per</span> <span class='ocrx_word' id='word_1_87' title='bbox 1309 771 1339 803; x_wconf 89' lang='lat' dir='ltr'><em>u</em></span> <span class='ocrx_word' id='word_1_88' title='bbox 1365 751 1446 803; x_wconf 88' lang='lat' dir='ltr'>vel</span> <span class='ocrx_word' id='word_1_89' title='bbox 1480 769 1565 822; x_wconf 82' lang='lat' dir='ltr'>per</span> <span class='ocrx_word' id='word_1_90' title='bbox 1591 757 1626 806; x_wconf 86' lang='lat' dir='ltr'>i,</span> <span class='ocrx_word' id='word_1_91' title='bbox 1661 750 1857 804; x_wconf 76' lang='lat' dir='ltr'>Gallice</span> <span class='ocrx_word' id='word_1_92' title='bbox 1887 757 2014 821; x_wconf 86' lang='lat' dir='ltr'>peri</span> <span class='ocrx_word' id='word_1_93' title='bbox 2039 750 2155 806; x_wconf 88' lang='lat' dir='ltr'>fim-</span> 
     </span>
     <span class='ocr_line' id='line_1_11' title="bbox 186 821 2156 898; baseline -0.001 -20"><span class='ocrx_word' id='word_1_94' title='bbox 186 827 314 898; x_wconf 79' lang='lat' dir='ltr'>plex.</span> <span class='ocrx_word' id='word_1_95' title='bbox 386 829 489 894; x_wconf 74' lang='lat' dir='ltr'>Qui</span> <span class='ocrx_word' id='word_1_96' title='bbox 521 843 607 895; x_wconf 87' lang='lat' dir='ltr'>per</span> <span class='ocrx_word' id='word_1_97' title='bbox 628 845 662 895; x_wconf 86' lang='lat' dir='ltr'><em>y</em></span> <span class='ocrx_word' id='word_1_98' title='bbox 690 822 994 893; x_wconf 86' lang='lat' dir='ltr'>scripserunt,</span> <span class='ocrx_word' id='word_1_99' title='bbox 1029 827 1062 875; x_wconf 90' lang='lat' dir='ltr'>ii</span> <span class='ocrx_word' id='word_1_100' title='bbox 1093 841 1216 876; x_wconf 88' lang='lat' dir='ltr'>cum</span> <span class='ocrx_word' id='word_1_101' title='bbox 1243 821 1486 886; x_wconf 72' lang='lat' dir='ltr'>Scalzgero‚</span> <span class='ocrx_word' id='word_1_102' title='bbox 1534 825 1738 893; x_wconf 66' lang='lat' dir='ltr'>Heinsio,</span> <span class='ocrx_word' id='word_1_103' title='bbox 1773 822 2034 892; x_wconf 73' lang='lat' dir='ltr'>multisque</span> <span class='ocrx_word' id='word_1_104' title='bbox 2056 824 2156 877; x_wconf 88' lang='lat' dir='ltr'>aliis</span> 
     </span>
     <span class='ocr_line' id='line_1_12' title="bbox 188 893 2157 963; baseline -0.001 -14"><span class='ocrx_word' id='word_1_105' title='bbox 188 897 520 952; x_wconf 85' lang='lat' dir='ltr'>crediderunt,</span> <span class='ocrx_word' id='word_1_106' title='bbox 555 913 615 948; x_wconf 81' lang='lat' dir='ltr'>ex</span> <span class='ocrx_word' id='word_1_107' title='bbox 644 895 959 948; x_wconf 78' lang='lat' dir='ltr'>Numinibus</span> <span class='ocrx_word' id='word_1_108' title='bbox 987 895 1224 949; x_wconf 86' lang='lat' dir='ltr'>Rusticis,</span> <span class='ocrx_word' id='word_1_109' title='bbox 1271 912 1396 963; x_wconf 86' lang='lat' dir='ltr'>quos</span> <span class='ocrx_word' id='word_1_110' title='bbox 1429 893 1604 945; x_wconf 64' lang='lat' dir='ltr'>Gracci</span> <span class='ocrx_word' id='word_1_111' title='bbox 1645 893 1877 959; x_wconf 52' lang='grc' dir='ltr'>Σατύρα,</span> <span class='ocrx_word' id='word_1_112' title='bbox 1928 895 2157 949; x_wconf 85' lang='lat' dir='ltr'>Romani</span> 
     </span>
     <span class='ocr_line' id='line_1_13' title="bbox 178 965 2154 1037; baseline 0.001 -18"><span class='ocrx_word' id='word_1_113' title='bbox 178 975 373 1019; x_wconf 73' lang='lat' dir='ltr'>Faunos</span> <span class='ocrx_word' id='word_1_114' title='bbox 397 968 769 1037; x_wconf 72' lang='lat' dir='ltr'>nuncupabant,</span> <span class='ocrx_word' id='word_1_115' title='bbox 787 968 996 1018; x_wconf 84' lang='lat' dir='ltr'>nomine</span> <span class='ocrx_word' id='word_1_116' title='bbox 1026 966 1157 1018; x_wconf 52' lang='lat' dir='ltr'>dista</span> <span class='ocrx_word' id='word_1_117' title='bbox 1174 965 1315 1017; x_wconf 77' lang='lat' dir='ltr'>fuisse</span> <span class='ocrx_word' id='word_1_118' title='bbox 1338 965 1576 1030; x_wconf 84' lang='lat' dir='ltr'>ejusmodi</span> <span class='ocrx_word' id='word_1_119' title='bbox 1605 967 1854 1034; x_wconf 60' lang='lat' dir='ltr'>pOEmata,</span> <span class='ocrx_word' id='word_1_120' title='bbox 1870 969 1997 1034; x_wconf 83' lang='lat' dir='ltr'>eque</span> <span class='ocrx_word' id='word_1_121' title='bbox 2021 983 2154 1020; x_wconf 85' lang='lat' dir='ltr'>voce</span> 
     </span>
     <span class='ocr_line' id='line_1_14' title="bbox 186 1036 2158 1109; baseline 0.001 -19"><span class='ocrx_word' id='word_1_122' title='bbox 186 1044 403 1109; x_wconf 77' lang='lat' dir='ltr'>Satyrus,</span> <span class='ocrx_word' id='word_1_123' title='bbox 419 1039 623 1090; x_wconf 53' lang='lat' dir='ltr'>ductam</span> <span class='ocrx_word' id='word_1_124' title='bbox 642 1055 826 1089; x_wconf 89' lang='lat' dir='ltr'>vocem</span> <span class='ocrx_word' id='word_1_125' title='bbox 849 1043 1050 1104; x_wconf 76' lang='lat' dir='ltr'>Satyra3</span> <span class='ocrx_word' id='word_1_126' title='bbox 1085 1036 1193 1088; x_wconf 83' lang='lat' dir='ltr'>istas</span> <span class='ocrx_word' id='word_1_127' title='bbox 1212 1050 1442 1106; x_wconf 73' lang='lat' dir='ltr'>praeterea</span> <span class='ocrx_word' id='word_1_128' title='bbox 1466 1042 1664 1105; x_wconf 66' lang='lat' dir='ltr'>Satyrus</span> <span class='ocrx_word' id='word_1_129' title='bbox 1688 1038 1990 1090; x_wconf 84' lang='lat' dir='ltr'>carminibus</span> <span class='ocrx_word' id='word_1_130' title='bbox 2009 1036 2158 1091; x_wconf 82' lang='lat' dir='ltr'>Grae-</span> 
     </span>
     <span class='ocr_line' id='line_1_15' title="bbox 187 1105 2156 1179; baseline -0.001 -16"><span class='ocrx_word' id='word_1_131' title='bbox 187 1126 370 1163; x_wconf 88' lang='lat' dir='ltr'>corum</span> <span class='ocrx_word' id='word_1_132' title='bbox 401 1114 620 1179; x_wconf 73' lang='lat' dir='ltr'>Satyricis</span> <span class='ocrx_word' id='word_1_133' title='bbox 652 1108 793 1160; x_wconf 88' lang='lat' dir='ltr'>valde</span> <span class='ocrx_word' id='word_1_134' title='bbox 821 1108 964 1160; x_wconf 78' lang='lat' dir='ltr'>fuiffe</span> <span class='ocrx_word' id='word_1_135' title='bbox 995 1107 1165 1160; x_wconf 84' lang='lat' dir='ltr'>affines</span> <span class='ocrx_word' id='word_1_136' title='bbox 1191 1127 1200 1160; x_wconf 88' lang='lat'>:</span> <span class='ocrx_word' id='word_1_137' title='bbox 1255 1106 1389 1176; x_wconf 86' lang='lat' dir='ltr'>quod</span> <span class='ocrx_word' id='word_1_138' title='bbox 1416 1105 1514 1157; x_wconf 87' lang='lat' dir='ltr'>esse</span> <span class='ocrx_word' id='word_1_139' title='bbox 1547 1107 1849 1160; x_wconf 66' lang='lat' dir='ltr'>falsissimum</span> <span class='ocrx_word' id='word_1_140' title='bbox 1883 1107 2156 1162; x_wconf 88' lang='lat' dir='ltr'>luculenter</span> 
     </span>
     <span class='ocr_line' id='line_1_16' title="bbox 187 1178 2154 1249; baseline -0.001 -16"><span class='ocrx_word' id='word_1_141' title='bbox 187 1180 546 1234; x_wconf 85' lang='lat' dir='ltr'>demonstravit</span> <span class='ocrx_word' id='word_1_142' title='bbox 564 1179 903 1234; x_wconf 79' lang='lat' dir='ltr'>Casaubonus,</span> <span class='ocrx_word' id='word_1_143' title='bbox 918 1181 1006 1231; x_wconf 89' lang='lat' dir='ltr'>ubi</span> <span class='ocrx_word' id='word_1_144' title='bbox 1035 1179 1189 1231; x_wconf 89' lang='lat' dir='ltr'>docet</span> <span class='ocrx_word' id='word_1_145' title='bbox 1220 1198 1247 1229; x_wconf 78' lang='lat' dir='ltr'>a</span> <span class='ocrx_word' id='word_1_146' title='bbox 1279 1185 1473 1247; x_wconf 74' lang='lat' dir='ltr'>Satyrus</span> <span class='ocrx_word' id='word_1_147' title='bbox 1498 1194 1558 1230; x_wconf 82' lang='lat' dir='ltr'>ex</span> <span class='ocrx_word' id='word_1_148' title='bbox 1589 1178 1807 1249; x_wconf 75' lang='lat' dir='ltr'>analogia</span> <span class='ocrx_word' id='word_1_149' title='bbox 1829 1178 2034 1231; x_wconf 84' lang='lat' dir='ltr'>formari</span> <span class='ocrx_word' id='word_1_150' title='bbox 2047 1192 2154 1232; x_wconf 84' lang='lat' dir='ltr'>non</span> 
     </span>
     <span class='ocr_line' id='line_1_17' title="bbox 187 1247 2159 1321; baseline 0.002 -19"><span class='ocrx_word' id='word_1_151' title='bbox 187 1258 382 1321; x_wconf 78' lang='lat' dir='ltr'>Satyra,</span> <span class='ocrx_word' id='word_1_152' title='bbox 399 1251 478 1303; x_wconf 86' lang='lat' dir='ltr'>sed</span> <span class='ocrx_word' id='word_1_153' title='bbox 509 1257 742 1321; x_wconf 77' lang='lat' dir='ltr'>Satyrica,</span> <span class='ocrx_word' id='word_1_154' title='bbox 774 1251 1145 1320; x_wconf 87' lang='lat' dir='ltr'>plurimumque</span> <span class='ocrx_word' id='word_1_155' title='bbox 1176 1248 1397 1302; x_wconf 76' lang='lat' dir='ltr'>intercise</span> <span class='ocrx_word' id='word_1_156' title='bbox 1428 1251 1552 1301; x_wconf 89' lang='lat' dir='ltr'>inter</span> <span class='ocrx_word' id='word_1_157' title='bbox 1579 1247 1885 1302; x_wconf 78' lang='lat' dir='ltr'>Graecorum</span> <span class='ocrx_word' id='word_1_158' title='bbox 1917 1249 2159 1321; x_wconf 81' lang='lat' dir='ltr'>Satyrica,</span> 
     </span>
     <span class='ocr_line' id='line_1_18' title="bbox 183 1322 851 1377; baseline -0.01 0"><span class='ocrx_word' id='word_1_159' title='bbox 183 1324 244 1377; x_wconf 74' lang='grc' dir='ltr'>δε</span> <span class='ocrx_word' id='word_1_160' title='bbox 274 1324 634 1376; x_wconf 84' lang='lat' dir='ltr'>Romanorum</span> <span class='ocrx_word' id='word_1_161' title='bbox 666 1322 851 1374; x_wconf 85' lang='lat' dir='ltr'>Satiras.</span> 
     </span>
    </p>

    <p class='ocr_par' dir='ltr' id='par_1_4' title="bbox 185 1389 2218 2102">
     <span class='ocr_line' id='line_1_19' title="bbox 260 1389 2154 1462; baseline 0.001 -17"><span class='ocrx_word' id='word_1_162' title='bbox 260 1393 558 1462; x_wconf 76' lang='lat' dir='ltr'>Spanhemius</span> <span class='ocrx_word' id='word_1_163' title='bbox 587 1396 636 1443; x_wconf 76' lang='lat' dir='ltr'>in</span> <span class='ocrx_word' id='word_1_164' title='bbox 666 1391 835 1460; x_wconf 67' lang='lat' dir='ltr'>pulcra</span> <span class='ocrx_word' id='word_1_165' title='bbox 863 1390 943 1444; x_wconf 60' lang='lat' dir='ltr'>sua</span> <span class='ocrx_word' id='word_1_166' title='bbox 975 1390 1036 1443; x_wconf 91' lang='lat' dir='ltr'>ad</span> <span class='ocrx_word' id='word_1_167' title='bbox 1053 1389 1247 1458; x_wconf 79' lang='lat' dir='ltr'>Juliani</span> <span class='ocrx_word' id='word_1_168' title='bbox 1275 1395 1579 1457; x_wconf 77' lang='lat' dir='ltr'>Imperatoris</span> <span class='ocrx_word' id='word_1_169' title='bbox 1606 1391 1809 1456; x_wconf 61' lang='lat' dir='ltr'>Caefiaeres</span> <span class='ocrx_word' id='word_1_170' title='bbox 1834 1391 2154 1451; x_wconf 77' lang='lat' dir='ltr'>Praefatione,</span> 
     </span>
     <span class='ocr_line' id='line_1_20' title="bbox 190 1461 2153 1534; baseline 0.002 -19"><span class='ocrx_word' id='word_1_171' title='bbox 190 1463 329 1534; x_wconf 81' lang='lat' dir='ltr'>plura</span> <span class='ocrx_word' id='word_1_172' title='bbox 345 1463 406 1516; x_wconf 88' lang='lat' dir='ltr'>de</span> <span class='ocrx_word' id='word_1_173' title='bbox 423 1481 560 1515; x_wconf 86' lang='lat' dir='ltr'>novo</span> <span class='ocrx_word' id='word_1_174' title='bbox 577 1464 829 1515; x_wconf 81' lang='lat' dir='ltr'>observata</span> <span class='ocrx_word' id='word_1_175' title='bbox 846 1462 1056 1514; x_wconf 87' lang='lat' dir='ltr'>contulit</span> <span class='ocrx_word' id='word_1_176' title='bbox 1073 1461 1132 1515; x_wconf 75' lang='lat' dir='ltr'>ad</span> <span class='ocrx_word' id='word_1_177' title='bbox 1152 1480 1226 1517; x_wconf 86' lang='lat' dir='ltr'>ea,</span> <span class='ocrx_word' id='word_1_178' title='bbox 1255 1478 1364 1531; x_wconf 82' lang='lat' dir='ltr'>quae</span> <span class='ocrx_word' id='word_1_179' title='bbox 1397 1476 1507 1514; x_wconf 87' lang='lat' dir='ltr'>ante</span> <span class='ocrx_word' id='word_1_180' title='bbox 1523 1461 1579 1515; x_wconf 65' lang='lat' dir='ltr'>eai</span> <span class='ocrx_word' id='word_1_181' title='bbox 1595 1462 1657 1514; x_wconf 91' lang='lat' dir='ltr'>de</span> <span class='ocrx_word' id='word_1_182' title='bbox 1674 1480 1725 1514; x_wconf 90' lang='lat' dir='ltr'>re</span> <span class='ocrx_word' id='word_1_183' title='bbox 1739 1463 2003 1533; x_wconf 84' lang='lat' dir='ltr'>protulerat</span> <span class='ocrx_word' id='word_1_184' title='bbox 2020 1465 2153 1518; x_wconf 88' lang='lat' dir='ltr'>cele-</span> 
     </span>
     <span class='ocr_line' id='line_1_21' title="bbox 190 1533 2151 1605; baseline 0.002 -20"><span class='ocrx_word' id='word_1_185' title='bbox 190 1536 434 1586; x_wconf 87' lang='lat' dir='ltr'>berrimus</span> <span class='ocrx_word' id='word_1_186' title='bbox 469 1539 681 1589; x_wconf 76' lang='lat' dir='ltr'>criticus,</span> <span class='ocrx_word' id='word_1_187' title='bbox 728 1533 973 1604; x_wconf 72' lang='lat' dir='ltr'>descriptis</span> <span class='ocrx_word' id='word_1_188' title='bbox 1002 1550 1188 1603; x_wconf 77' lang='lat' dir='ltr'>magno</span> <span class='ocrx_word' id='word_1_189' title='bbox 1226 1549 1346 1585; x_wconf 87' lang='lat' dir='ltr'>cum</span> <span class='ocrx_word' id='word_1_190' title='bbox 1378 1533 1568 1599; x_wconf 89' lang='lat' dir='ltr'>judicio</span> <span class='ocrx_word' id='word_1_191' title='bbox 1601 1534 1818 1586; x_wconf 88' lang='lat' dir='ltr'>duorum</span> <span class='ocrx_word' id='word_1_192' title='bbox 1853 1535 2151 1605; x_wconf 83' lang='lat' dir='ltr'>po’e&#39;matum</span> 
     </span>
     <span class='ocr_line' id='line_1_22' title="bbox 187 1603 2152 1676; baseline 0.002 -20"><span class='ocrx_word' id='word_1_193' title='bbox 187 1608 409 1676; x_wconf 81' lang='lat' dir='ltr'>quinque</span> <span class='ocrx_word' id='word_1_194' title='bbox 441 1620 523 1657; x_wconf 86' lang='lat' dir='ltr'>aut</span> <span class='ocrx_word' id='word_1_195' title='bbox 550 1605 627 1657; x_wconf 73' lang='lat' dir='ltr'>sex</span> <span class='ocrx_word' id='word_1_196' title='bbox 655 1604 1013 1657; x_wconf 78' lang='lat' dir='ltr'>discriminibus</span> <span class='ocrx_word' id='word_1_197' title='bbox 1033 1604 1390 1673; x_wconf 76' lang='lat' dir='ltr'>insignioribus,</span> <span class='ocrx_word' id='word_1_198' title='bbox 1406 1621 1516 1672; x_wconf 62' lang='lat' dir='ltr'>quae</span> <span class='ocrx_word' id='word_1_199' title='bbox 1542 1604 1576 1655; x_wconf 85' lang='lat' dir='ltr'>fi</span> <span class='ocrx_word' id='word_1_200' title='bbox 1599 1603 1766 1657; x_wconf 84' lang='lat' dir='ltr'>videre</span> <span class='ocrx_word' id='word_1_201' title='bbox 1781 1609 1965 1675; x_wconf 86' lang='lat' dir='ltr'>cupias,</span> <span class='ocrx_word' id='word_1_202' title='bbox 1978 1606 2152 1660; x_wconf 60' lang='lat' dir='ltr'>auito·-</span> 
     </span>
     <span class='ocr_line' id='line_1_23' title="bbox 189 1674 2149 1746; baseline 0.001 -18"><span class='ocrx_word' id='word_1_203' title='bbox 189 1694 300 1728; x_wconf 83' lang='lat' dir='ltr'>rem</span> <span class='ocrx_word' id='word_1_204' title='bbox 330 1677 422 1727; x_wconf 90' lang='lat' dir='ltr'>adi.</span> <span class='ocrx_word' id='word_1_205' title='bbox 496 1676 642 1727; x_wconf 83' lang='lat' dir='ltr'>Nihil</span> <span class='ocrx_word' id='word_1_206' title='bbox 666 1693 887 1746; x_wconf 84' lang='lat' dir='ltr'>unquam</span> <span class='ocrx_word' id='word_1_207' title='bbox 912 1675 1002 1726; x_wconf 89' lang='lat' dir='ltr'>fuit</span> <span class='ocrx_word' id='word_1_208' title='bbox 1032 1675 1159 1745; x_wconf 83' lang='lat' dir='ltr'>apud</span> <span class='ocrx_word' id='word_1_209' title='bbox 1187 1674 1399 1726; x_wconf 71' lang='lat' dir='ltr'>Graecos</span> <span class='ocrx_word' id='word_1_210' title='bbox 1415 1674 1671 1728; x_wconf 80' lang='lat' dir='ltr'>Romanae</span> <span class='ocrx_word' id='word_1_211' title='bbox 1687 1675 1855 1728; x_wconf 84' lang='lat' dir='ltr'>Satirae</span> <span class='ocrx_word' id='word_1_212' title='bbox 1878 1675 2149 1730; x_wconf 79' lang='lat' dir='ltr'>finitimum</span> 
     </span>
     <span class='ocr_line' id='line_1_24' title="bbox 188 1745 2148 1816; baseline 0.002 -19"><span class='ocrx_word' id='word_1_213' title='bbox 188 1762 363 1816; x_wconf 76' lang='lat' dir='ltr'>praeter</span> <span class='ocrx_word' id='word_1_214' title='bbox 387 1745 515 1797; x_wconf 50' lang='lat' dir='ltr'>sallas</span> <span class='ocrx_word' id='word_1_215' title='bbox 545 1747 663 1803; x_wconf 81' lang='lat' dir='ltr'>suos,</span> <span class='ocrx_word' id='word_1_216' title='bbox 685 1746 894 1798; x_wconf 65' lang='lat' dir='ltr'>mordax</span> <span class='ocrx_word' id='word_1_217' title='bbox 911 1745 1159 1797; x_wconf 73' lang='lat' dir='ltr'>Poematis</span> <span class='ocrx_word' id='word_1_218' title='bbox 1180 1763 1351 1815; x_wconf 82' lang='lat' dir='ltr'>genus,</span> <span class='ocrx_word' id='word_1_219' title='bbox 1366 1745 1502 1815; x_wconf 87' lang='lat' dir='ltr'>quod</span> <span class='ocrx_word' id='word_1_220' title='bbox 1531 1763 1592 1796; x_wconf 79' lang='lat' dir='ltr'>ex</span> <span class='ocrx_word' id='word_1_221' title='bbox 1619 1746 1901 1798; x_wconf 74' lang='lat' dir='ltr'>fraomentis</span> <span class='ocrx_word' id='word_1_222' title='bbox 1927 1746 2148 1800; x_wconf 83' lang='lat' dir='ltr'>Sillorum</span> 
     </span>
     <span class='ocr_line' id='line_1_25' title="bbox 188 1790 2146 1888; baseline 0.001 -19"><span class='ocrx_word' id='word_1_223' title='bbox 188 1824 390 1869; x_wconf 61' lang='lat' dir='ltr'>Timonis</span> <span class='ocrx_word' id='word_1_224' title='bbox 404 1817 542 1869; x_wconf 86' lang='lat' dir='ltr'>facile</span> <span class='ocrx_word' id='word_1_225' title='bbox 559 1818 723 1888; x_wconf 81' lang='lat' dir='ltr'>colligi</span> <span class='ocrx_word' id='word_1_226' title='bbox 737 1816 898 1887; x_wconf 90' lang='lat' dir='ltr'>potest</span> <span class='ocrx_word' id='word_1_227' title='bbox 918 1836 935 1883; x_wconf 74' lang='lat'>3</span> <span class='ocrx_word' id='word_1_228' title='bbox 964 1831 1012 1868; x_wconf 87' lang='lat' dir='ltr'>at</span> <span class='ocrx_word' id='word_1_229' title='bbox 1028 1817 1127 1869; x_wconf 90' lang='lat' dir='ltr'>hoc</span> <span class='ocrx_word' id='word_1_230' title='bbox 1142 1818 1386 1872; x_wconf 84' lang='lat' dir='ltr'>intererat,</span> <span class='ocrx_word' id='word_1_231' title='bbox 1402 1815 1540 1886; x_wconf 87' lang='lat' dir='ltr'>quod</span> <span class='ocrx_word' id='word_1_232' title='bbox 1557 1814 1658 1867; x_wconf 81' lang='lat' dir='ltr'>Silli</span> <span class='ocrx_word' id='word_1_233' title='bbox 1671 1790 1976 1870; x_wconf 53' lang='lat' dir='ltr'>&amp;raecorurn</span> <span class='ocrx_word' id='word_1_234' title='bbox 1993 1836 2146 1880; x_wconf 75' lang='lat' dir='ltr'>merae</span> 
     </span>
     <span class='ocr_line' id='line_1_26' title="bbox 188 1886 2218 1961; baseline 0 -21"><span class='ocrx_word' id='word_1_235' title='bbox 188 1889 345 1940; x_wconf 74' lang='lat' dir='ltr'>essent</span> <span class='ocrx_word' id='word_1_236' title='bbox 364 1889 596 1944; x_wconf 75' lang='lat' dir='ltr'>Parodiae,</span> <span class='ocrx_word' id='word_1_237' title='bbox 611 1888 746 1958; x_wconf 89' lang='lat' dir='ltr'>quod</span> <span class='ocrx_word' id='word_1_238' title='bbox 762 1888 824 1940; x_wconf 91' lang='lat' dir='ltr'>de</span> <span class='ocrx_word' id='word_1_239' title='bbox 841 1886 1077 1940; x_wconf 73' lang='lat' dir='ltr'>Romana</span> <span class='ocrx_word' id='word_1_240' title='bbox 1094 1887 1261 1938; x_wconf 61' lang='lat' dir='ltr'>Satirb</span> <span class='ocrx_word' id='word_1_241' title='bbox 1276 1887 1374 1940; x_wconf 89' lang='lat' dir='ltr'>dici</span> <span class='ocrx_word' id='word_1_242' title='bbox 1388 1889 1575 1956; x_wconf 88' lang='lat' dir='ltr'>nequit,</span> <span class='ocrx_word' id='word_1_243' title='bbox 1588 1889 1676 1939; x_wconf 87' lang='lat' dir='ltr'>ubi</span> <span class='ocrx_word' id='word_1_244' title='bbox 1691 1887 1726 1939; x_wconf 80' lang='lat' dir='ltr'>si</span> <span class='ocrx_word' id='word_1_245' title='bbox 1742 1887 1869 1939; x_wconf 92' lang='lat' dir='ltr'>forte</span> <span class='ocrx_word' id='word_1_246' title='bbox 1885 1889 2148 1961; x_wconf 88' lang='lat' dir='ltr'>aliquando</span> <span class='ocrx_word' id='word_1_247' title='bbox 2214 1909 2218 1914; x_wconf 77' lang='grc'><strong><em>’</em></strong></span> 
     </span>
     <span class='ocr_line' id='line_1_27' title="bbox 185 1954 2142 2014; baseline 0.001 -3"><span class='ocrx_word' id='word_1_248' title='bbox 185 1961 236 2012; x_wconf 89' lang='lat' dir='ltr'>in</span> <span class='ocrx_word' id='word_1_249' title='bbox 255 1958 517 2011; x_wconf 83' lang='lat' dir='ltr'>Parodiam</span> <span class='ocrx_word' id='word_1_250' title='bbox 536 1960 736 2014; x_wconf 77' lang='lat' dir='ltr'>incidas,</span> <span class='ocrx_word' id='word_1_251' title='bbox 751 1958 942 2012; x_wconf 88' lang='lat' dir='ltr'>videbis</span> <span class='ocrx_word' id='word_1_252' title='bbox 957 1973 1124 2010; x_wconf 89' lang='lat' dir='ltr'>tamen</span> <span class='ocrx_word' id='word_1_253' title='bbox 1142 1957 1352 2010; x_wconf 73' lang='lat' dir='ltr'>Poetam</span> <span class='ocrx_word' id='word_1_254' title='bbox 1363 1954 1542 2011; x_wconf 76' lang='lat' dir='ltr'>cavisse</span> <span class='ocrx_word' id='word_1_255' title='bbox 1555 1975 1619 2010; x_wconf 89' lang='lat' dir='ltr'>ne</span> <span class='ocrx_word' id='word_1_256' title='bbox 1634 1960 1931 2011; x_wconf 84' lang='lat' dir='ltr'>abuteretur.</span> <span class='ocrx_word' id='word_1_257' title='bbox 1980 1959 2142 2013; x_wconf 87' lang='lat' dir='ltr'>Unde</span> 
     </span>
     <span class='ocr_line' id='line_1_28' title="bbox 187 2029 2123 2102; baseline -0.001 -19"><span class='ocrx_word' id='word_1_258' title='bbox 187 2032 341 2102; x_wconf 88' lang='lat' dir='ltr'>liquet</span> <span class='ocrx_word' id='word_1_259' title='bbox 370 2030 587 2082; x_wconf 85' lang='lat' dir='ltr'>Parodiis</span> <span class='ocrx_word' id='word_1_260' title='bbox 614 2032 887 2083; x_wconf 88' lang='lat' dir='ltr'>naturalem·</span> <span class='ocrx_word' id='word_1_261' title='bbox 909 2030 1007 2081; x_wconf 81' lang='lat' dir='ltr'>effe</span> <span class='ocrx_word' id='word_1_262' title='bbox 1037 2032 1086 2080; x_wconf 88' lang='lat' dir='ltr'>in</span> <span class='ocrx_word' id='word_1_263' title='bbox 1118 2029 1240 2081; x_wconf 90' lang='lat' dir='ltr'>Sillis</span> <span class='ocrx_word' id='word_1_264' title='bbox 1264 2029 1447 2084; x_wconf 84' lang='lat' dir='ltr'>sedem,</span> <span class='ocrx_word' id='word_1_265' title='bbox 1481 2046 1585 2079; x_wconf 91' lang='lat' dir='ltr'>non</span> <span class='ocrx_word' id='word_1_266' title='bbox 1607 2032 1727 2081; x_wconf 89' lang='lat' dir='ltr'>item</span> <span class='ocrx_word' id='word_1_267' title='bbox 1753 2031 1804 2080; x_wconf 90' lang='lat' dir='ltr'>in</span> <span class='ocrx_word' id='word_1_268' title='bbox 1823 2030 2000 2082; x_wconf 68' lang='lat' dir='ltr'>Satiris</span> <span class='ocrx_word' id='word_1_269' title='bbox 2120 2034 2123 2037; x_wconf 83' lang='grc'><strong>’</strong></span> 
     </span>
    </p>

    <p class='ocr_par' dir='ltr' id='par_1_5' title="bbox 189 2099 2154 3436">
     <span class='ocr_line' id='line_1_29' title="bbox 261 2099 2147 2172; baseline 0.001 -19"><span class='ocrx_word' id='word_1_270' title='bbox 261 2101 490 2171; x_wconf 75' lang='lat' dir='ltr'>Exposita</span> <span class='ocrx_word' id='word_1_271' title='bbox 519 2101 719 2154; x_wconf 87' lang='lat' dir='ltr'>tandem</span> <span class='ocrx_word' id='word_1_272' title='bbox 754 2100 938 2156; x_wconf 72' lang='lat' dir='ltr'>natura,</span> <span class='ocrx_word' id='word_1_273' title='bbox 971 2103 1177 2169; x_wconf 80' lang='lat' dir='ltr'>origine,</span> <span class='ocrx_word' id='word_1_274' title='bbox 1211 2102 1268 2154; x_wconf 85' lang='lat'>&amp;</span> <span class='ocrx_word' id='word_1_275' title='bbox 1299 2099 1547 2170; x_wconf 73' lang='lat' dir='ltr'>progressu</span> <span class='ocrx_word' id='word_1_276' title='bbox 1568 2099 1755 2157; x_wconf 70' lang='lat' dir='ltr'>satirae,</span> <span class='ocrx_word' id='word_1_277' title='bbox 1771 2117 1927 2170; x_wconf 89' lang='lat' dir='ltr'>pauca</span> <span class='ocrx_word' id='word_1_278' title='bbox 1951 2101 2015 2154; x_wconf 93' lang='lat' dir='ltr'>de</span> <span class='ocrx_word' id='word_1_279' title='bbox 2042 2103 2147 2172; x_wconf 83' lang='lat' dir='ltr'>ipio</span> 
     </span>
     <span class='ocr_line' id='line_1_30' title="bbox 189 2170 2144 2242; baseline 0.001 -18"><span class='ocrx_word' id='word_1_280' title='bbox 189 2170 409 2224; x_wconf 80' lang='lat' dir='ltr'>Horatio</span> <span class='ocrx_word' id='word_1_281' title='bbox 443 2173 566 2223; x_wconf 85' lang='lat' dir='ltr'>mihi</span> <span class='ocrx_word' id='word_1_282' title='bbox 596 2173 702 2224; x_wconf 87' lang='lat' dir='ltr'>sunt</span> <span class='ocrx_word' id='word_1_283' title='bbox 733 2171 960 2227; x_wconf 90' lang='lat' dir='ltr'>dicenda,</span> <span class='ocrx_word' id='word_1_284' title='bbox 995 2174 1079 2242; x_wconf 86' lang='lat' dir='ltr'>qui</span> <span class='ocrx_word' id='word_1_285' title='bbox 1110 2171 1317 2242; x_wconf 90' lang='lat' dir='ltr'>quidem</span> <span class='ocrx_word' id='word_1_286' title='bbox 1350 2171 1499 2240; x_wconf 85' lang='lat' dir='ltr'>qualis</span> <span class='ocrx_word' id='word_1_287' title='bbox 1531 2173 1712 2224; x_wconf 77' lang='lat' dir='ltr'>in‘hoc</span> <span class='ocrx_word' id='word_1_288' title='bbox 1751 2187 1902 2242; x_wconf 85' lang='lat' dir='ltr'>opere</span> <span class='ocrx_word' id='word_1_289' title='bbox 1934 2173 2006 2230; x_wconf 83' lang='lat' dir='ltr'>fit,</span> <span class='ocrx_word' id='word_1_290' title='bbox 2037 2191 2144 2226; x_wconf 90' lang='lat' dir='ltr'>non</span> 
     </span>
     <span class='ocr_line' id='line_1_31' title="bbox 189 2241 2148 2314; baseline 0.002 -20"><span class='ocrx_word' id='word_1_291' title='bbox 189 2243 353 2314; x_wconf 86' lang='lat' dir='ltr'>potest</span> <span class='ocrx_word' id='word_1_292' title='bbox 377 2243 699 2294; x_wconf 75' lang='lat' dir='ltr'>commodius</span> <span class='ocrx_word' id='word_1_293' title='bbox 725 2242 1069 2297; x_wconf 87' lang='lat' dir='ltr'>demonstrari,</span> <span class='ocrx_word' id='word_1_294' title='bbox 1102 2260 1253 2311; x_wconf 89' lang='lat' dir='ltr'>quam</span> <span class='ocrx_word' id='word_1_295' title='bbox 1274 2242 1308 2294; x_wconf 88' lang='lat' dir='ltr'>fi</span> <span class='ocrx_word' id='word_1_296' title='bbox 1332 2259 1451 2294; x_wconf 89' lang='lat' dir='ltr'>eum</span> <span class='ocrx_word' id='word_1_297' title='bbox 1478 2241 1760 2295; x_wconf 88' lang='lat' dir='ltr'>Silenorum</span> <span class='ocrx_word' id='word_1_298' title='bbox 1788 2242 1971 2299; x_wconf 86' lang='lat' dir='ltr'>statuis,</span> <span class='ocrx_word' id='word_1_299' title='bbox 1995 2260 2148 2297; x_wconf 84' lang='lat' dir='ltr'>corn-</span> 
     </span>
     <span class='ocr_line' id='line_1_32' title="bbox 192 2312 2147 2383; baseline 0.002 -19"><span class='ocrx_word' id='word_1_300' title='bbox 192 2331 346 2382; x_wconf 74' lang='lat' dir='ltr'>pares,</span> <span class='ocrx_word' id='word_1_301' title='bbox 361 2315 541 2383; x_wconf 84' lang='lat' dir='ltr'>quibus</span> <span class='ocrx_word' id='word_1_302' title='bbox 560 2313 837 2365; x_wconf 79' lang='lat' dir='ltr'>Alcibiades</span> <span class='ocrx_word' id='word_1_303' title='bbox 850 2314 899 2364; x_wconf 91' lang='lat' dir='ltr'>in</span> <span class='ocrx_word' id='word_1_304' title='bbox 919 2313 1179 2382; x_wconf 75' lang='lat' dir='ltr'>Symposio</span> <span class='ocrx_word' id='word_1_305' title='bbox 1195 2312 1453 2365; x_wconf 79' lang='lat' dir='ltr'>Socratem</span> <span class='ocrx_word' id='word_1_306' title='bbox 1471 2327 1745 2382; x_wconf 87' lang='lat' dir='ltr'>comparat,</span> <span class='ocrx_word' id='word_1_307' title='bbox 1759 2331 1870 2382; x_wconf 83' lang='lat' dir='ltr'>quae</span> <span class='ocrx_word' id='word_1_308' title='bbox 1883 2314 2147 2368; x_wconf 63' lang='lat' dir='ltr'>nihilextra</span> 
     </span>
     <span class='ocr_line' id='line_1_33' title="bbox 190 2380 2154 2454; baseline 0.001 -19"><span class='ocrx_word' id='word_1_309' title='bbox 190 2384 444 2436; x_wconf 77' lang='lat' dir='ltr'>habebant</span> <span class='ocrx_word' id='word_1_310' title='bbox 458 2384 666 2453; x_wconf 87' lang='lat' dir='ltr'>pulchri,</span> <span class='ocrx_word' id='word_1_311' title='bbox 682 2385 800 2435; x_wconf 84' lang='lat' dir='ltr'>nihil</span> <span class='ocrx_word' id='word_1_312' title='bbox 815 2386 989 2439; x_wconf 79' lang='lat' dir='ltr'>ornati,</span> <span class='ocrx_word' id='word_1_313' title='bbox 1002 2400 1048 2435; x_wconf 87' lang='lat' dir='ltr'>at</span> <span class='ocrx_word' id='word_1_314' title='bbox 1066 2384 1099 2434; x_wconf 81' lang='lat' dir='ltr'>si</span> <span class='ocrx_word' id='word_1_315' title='bbox 1111 2384 1209 2435; x_wconf 86' lang='lat' dir='ltr'>illas</span> <span class='ocrx_word' id='word_1_316' title='bbox 1225 2380 1495 2454; x_wconf 78' lang='lat' dir='ltr'>aperuisses,</span> <span class='ocrx_word' id='word_1_317' title='bbox 1512 2386 1745 2437; x_wconf 88' lang='lat' dir='ltr'>omnium</span> <span class='ocrx_word' id='word_1_318' title='bbox 1765 2385 1999 2437; x_wconf 87' lang='lat' dir='ltr'>Deorum</span> <span class='ocrx_word' id='word_1_319' title='bbox 2009 2384 2154 2438; x_wconf 78' lang='lat' dir='ltr'>Dea--</span> 
     </span>
     <span class='ocr_line' id='line_1_34' title="bbox 191 2451 2147 2524; baseline 0.002 -19"><span class='ocrx_word' id='word_1_320' title='bbox 191 2472 308 2505; x_wconf 81' lang='lat' dir='ltr'>rum</span> <span class='ocrx_word' id='word_1_321' title='bbox 321 2472 407 2523; x_wconf 52' lang='lat' dir='ltr'>que</span> <span class='ocrx_word' id='word_1_322' title='bbox 433 2456 666 2524; x_wconf 73' lang='lat' dir='ltr'>imagines</span> <span class='ocrx_word' id='word_1_323' title='bbox 689 2454 956 2506; x_wconf 74' lang='lat' dir='ltr'>detexiffes.</span> <span class='ocrx_word' id='word_1_324' title='bbox 1024 2453 1106 2506; x_wconf 83' lang='lat' dir='ltr'>Ad</span> <span class='ocrx_word' id='word_1_325' title='bbox 1131 2472 1251 2506; x_wconf 91' lang='lat' dir='ltr'>eum</span> <span class='ocrx_word' id='word_1_326' title='bbox 1275 2454 1489 2506; x_wconf 89' lang='lat' dir='ltr'>modum</span> <span class='ocrx_word' id='word_1_327' title='bbox 1513 2454 1560 2506; x_wconf 91' lang='lat' dir='ltr'>se</span> <span class='ocrx_word' id='word_1_328' title='bbox 1590 2456 1737 2507; x_wconf 90' lang='lat' dir='ltr'>nobis</span> <span class='ocrx_word' id='word_1_329' title='bbox 1764 2456 1963 2508; x_wconf 76' lang='lat' dir='ltr'>exhibet</span> <span class='ocrx_word' id='word_1_330' title='bbox 1983 2457 2033 2508; x_wconf 91' lang='lat' dir='ltr'>in</span> <span class='ocrx_word' id='word_1_331' title='bbox 2058 2451 2147 2509; x_wconf 83' lang='lat' dir='ltr'>Sa-</span> 
     </span>
     <span class='ocr_line' id='line_1_35' title="bbox 194 2524 2143 2594; baseline 0.003 -19"><span class='ocrx_word' id='word_1_332' title='bbox 194 2528 293 2576; x_wconf 77' lang='lat' dir='ltr'>tiris</span> <span class='ocrx_word' id='word_1_333' title='bbox 319 2525 573 2581; x_wconf 69' lang='lat' dir='ltr'>Horatius,</span> <span class='ocrx_word' id='word_1_334' title='bbox 622 2526 739 2576; x_wconf 80' lang='lat' dir='ltr'>nihil</span> <span class='ocrx_word' id='word_1_335' title='bbox 766 2541 1007 2594; x_wconf 84' lang='lat' dir='ltr'>magnum</span> <span class='ocrx_word' id='word_1_336' title='bbox 1041 2542 1140 2594; x_wconf 80' lang='lat' dir='ltr'>prae</span> <span class='ocrx_word' id='word_1_337' title='bbox 1177 2525 1225 2577; x_wconf 91' lang='lat' dir='ltr'>se</span> <span class='ocrx_word' id='word_1_338' title='bbox 1254 2525 1366 2580; x_wconf 87' lang='lat' dir='ltr'>fert,</span> <span class='ocrx_word' id='word_1_339' title='bbox 1410 2524 1548 2594; x_wconf 89' lang='lat' dir='ltr'>quod</span> <span class='ocrx_word' id='word_1_340' title='bbox 1572 2542 1662 2576; x_wconf 87' lang='lat' dir='ltr'>nos</span> <span class='ocrx_word' id='word_1_341' title='bbox 1693 2524 1911 2578; x_wconf 88' lang='lat' dir='ltr'>detinere</span> <span class='ocrx_word' id='word_1_342' title='bbox 1933 2525 2143 2581; x_wconf 85' lang='lat' dir='ltr'>debeat:</span> 
     </span>
     <span class='ocr_line' id='line_1_36' title="bbox 194 2594 2144 2667; baseline 0.002 -21"><span class='ocrx_word' id='word_1_343' title='bbox 194 2594 389 2666; x_wconf 72' lang='lat' dir='ltr'>dignior</span> <span class='ocrx_word' id='word_1_344' title='bbox 414 2596 607 2647; x_wconf 78' lang='lat' dir='ltr'>videtur</span> <span class='ocrx_word' id='word_1_345' title='bbox 637 2596 751 2652; x_wconf 83' lang='lat' dir='ltr'>esse,</span> <span class='ocrx_word' id='word_1_346' title='bbox 786 2598 869 2666; x_wconf 90' lang='lat' dir='ltr'>qui</span> <span class='ocrx_word' id='word_1_347' title='bbox 899 2597 1057 2665; x_wconf 89' lang='lat' dir='ltr'>pueris</span> <span class='ocrx_word' id='word_1_348' title='bbox 1085 2609 1280 2651; x_wconf 82' lang='lat' dir='ltr'>teratur,</span> <span class='ocrx_word' id='word_1_349' title='bbox 1316 2612 1465 2665; x_wconf 89' lang='lat' dir='ltr'>quarn</span> <span class='ocrx_word' id='word_1_350' title='bbox 1492 2596 1578 2664; x_wconf 82' lang='lat' dir='ltr'>qui</span> <span class='ocrx_word' id='word_1_351' title='bbox 1612 2596 1741 2647; x_wconf 88' lang='lat' dir='ltr'>viros</span> <span class='ocrx_word' id='word_1_352' title='bbox 1770 2598 2144 2667; x_wconf 83' lang='lat' dir='ltr'>occupatoste-</span> 
     </span>
     <span class='ocr_line' id='line_1_37' title="bbox 194 2665 2143 2736; baseline 0.001 -19"><span class='ocrx_word' id='word_1_353' title='bbox 194 2682 339 2719; x_wconf 79' lang='lat' dir='ltr'>neat:</span> <span class='ocrx_word' id='word_1_354' title='bbox 391 2666 468 2717; x_wconf 91' lang='lat' dir='ltr'>sed</span> <span class='ocrx_word' id='word_1_355' title='bbox 501 2666 705 2736; x_wconf 75' lang='lat' dir='ltr'>seposito</span> <span class='ocrx_word' id='word_1_356' title='bbox 732 2669 866 2722; x_wconf 79' lang='lat' dir='ltr'>velo,</span> <span class='ocrx_word' id='word_1_357' title='bbox 899 2669 956 2720; x_wconf 66' lang='grc' dir='ltr'>ὃς</span> <span class='ocrx_word' id='word_1_358' title='bbox 983 2665 1196 2718; x_wconf 78' lang='lat' dir='ltr'>Horatio</span> <span class='ocrx_word' id='word_1_359' title='bbox 1236 2665 1441 2736; x_wconf 74' lang='lat' dir='ltr'>penitius</span> <span class='ocrx_word' id='word_1_360' title='bbox 1468 2665 1704 2735; x_wconf 63' lang='lat' dir='ltr'>inspecto,</span> <span class='ocrx_word' id='word_1_361' title='bbox 1736 2669 1969 2719; x_wconf 87' lang='lat' dir='ltr'>omnium</span> <span class='ocrx_word' id='word_1_362' title='bbox 2008 2667 2143 2726; x_wconf 85' lang='lat' dir='ltr'>illico</span> 
     </span>
     <span class='ocr_line' id='line_1_38' title="bbox 193 2735 2146 2808; baseline 0 -18"><span class='ocrx_word' id='word_1_363' title='bbox 193 2736 452 2790; x_wconf 86' lang='lat' dir='ltr'>Divorum</span> <span class='ocrx_word' id='word_1_364' title='bbox 483 2739 638 2788; x_wconf 76' lang='lat' dir='ltr'>oculis</span> <span class='ocrx_word' id='word_1_365' title='bbox 661 2737 708 2789; x_wconf 89' lang='lat' dir='ltr'>se</span> <span class='ocrx_word' id='word_1_366' title='bbox 736 2739 961 2807; x_wconf 86' lang='lat' dir='ltr'>ingerunt</span> <span class='ocrx_word' id='word_1_367' title='bbox 989 2738 1242 2806; x_wconf 82' lang='lat' dir='ltr'>imagines,</span> <span class='ocrx_word' id='word_1_368' title='bbox 1266 2738 1364 2789; x_wconf 85' lang='lat' dir='ltr'>hoc</span> <span class='ocrx_word' id='word_1_369' title='bbox 1391 2735 1463 2788; x_wconf 88' lang='lat' dir='ltr'>est</span> <span class='ocrx_word' id='word_1_370' title='bbox 1492 2754 1668 2788; x_wconf 86' lang='lat' dir='ltr'>omnes</span> <span class='ocrx_word' id='word_1_371' title='bbox 1695 2739 1915 2794; x_wconf 89' lang='lat' dir='ltr'>virtutes,</span> <span class='ocrx_word' id='word_1_372' title='bbox 1942 2737 2003 2789; x_wconf 88' lang='lat' dir='ltr'>ad</span> <span class='ocrx_word' id='word_1_373' title='bbox 2026 2755 2146 2808; x_wconf 86' lang='lat' dir='ltr'>quas</span> 
     </span>
     <span class='ocr_line' id='line_1_39' title="bbox 193 2806 2146 2878; baseline 0 -18"><span class='ocrx_word' id='word_1_374' title='bbox 193 2807 381 2860; x_wconf 80' lang='lat' dir='ltr'>affidue</span> <span class='ocrx_word' id='word_1_375' title='bbox 399 2807 658 2859; x_wconf 76' lang='lat' dir='ltr'>exercendi</span> <span class='ocrx_word' id='word_1_376' title='bbox 682 2808 806 2863; x_wconf 77' lang='lat' dir='ltr'>sum,</span> <span class='ocrx_word' id='word_1_377' title='bbox 822 2810 907 2878; x_wconf 88' lang='lat' dir='ltr'>qui</span> <span class='ocrx_word' id='word_1_378' title='bbox 924 2809 1048 2860; x_wconf 89' lang='lat' dir='ltr'>vitiis</span> <span class='ocrx_word' id='word_1_379' title='bbox 1076 2808 1167 2859; x_wconf 86' lang='lat' dir='ltr'>suis</span> <span class='ocrx_word' id='word_1_380' title='bbox 1193 2806 1491 2877; x_wconf 79' lang='lat' dir='ltr'>corrigendis</span> <span class='ocrx_word' id='word_1_381' title='bbox 1520 2806 1642 2859; x_wconf 82' lang='lat' dir='ltr'>serio</span> <span class='ocrx_word' id='word_1_382' title='bbox 1674 2806 1886 2860; x_wconf 87' lang='lat' dir='ltr'>student.</span> <span class='ocrx_word' id='word_1_383' title='bbox 1921 2807 2146 2860; x_wconf 70' lang='lat' dir='ltr'>Exteritis</span> 
     </span>
     <span class='ocr_line' id='line_1_40' title="bbox 191 2877 2144 2948; baseline 0 -18"><span class='ocrx_word' id='word_1_384' title='bbox 191 2879 333 2930; x_wconf 85' lang='lat' dir='ltr'>illurn</span> <span class='ocrx_word' id='word_1_385' title='bbox 351 2877 593 2948; x_wconf 80' lang='lat' dir='ltr'>adspicere</span> <span class='ocrx_word' id='word_1_386' title='bbox 615 2880 837 2931; x_wconf 85' lang='lat' dir='ltr'>contenti</span> <span class='ocrx_word' id='word_1_387' title='bbox 863 2878 1066 2931; x_wconf 89' lang='lat' dir='ltr'>antehac</span> <span class='ocrx_word' id='word_1_388' title='bbox 1088 2877 1224 2931; x_wconf 88' lang='lat' dir='ltr'>fuere</span> <span class='ocrx_word' id='word_1_389' title='bbox 1250 2877 1496 2934; x_wconf 86' lang='lat' dir='ltr'>mortales,</span> <span class='ocrx_word' id='word_1_390' title='bbox 1527 2894 1688 2948; x_wconf 90' lang='lat' dir='ltr'>neque</span> <span class='ocrx_word' id='word_1_391' title='bbox 1711 2878 1910 2948; x_wconf 82' lang='lat' dir='ltr'>possum</span> <span class='ocrx_word' id='word_1_392' title='bbox 1927 2895 2030 2931; x_wconf 90' lang='lat' dir='ltr'>non</span> <span class='ocrx_word' id='word_1_393' title='bbox 2048 2878 2144 2930; x_wconf 88' lang='lat' dir='ltr'>rni-</span> 
     </span>
     <span class='ocr_line' id='line_1_41' title="bbox 194 2947 2142 3020; baseline 0.001 -20"><span class='ocrx_word' id='word_1_394' title='bbox 194 2952 289 3001; x_wconf 81' lang='lat' dir='ltr'>rari</span> <span class='ocrx_word' id='word_1_395' title='bbox 313 2949 484 3001; x_wconf 78' lang='lat' dir='ltr'>Satiras</span> <span class='ocrx_word' id='word_1_396' title='bbox 513 2967 597 3018; x_wconf 84' lang='lat' dir='ltr'>per</span> <span class='ocrx_word' id='word_1_397' title='bbox 622 2963 694 3001; x_wconf 92' lang='lat' dir='ltr'>tot</span> <span class='ocrx_word' id='word_1_398' title='bbox 716 2950 872 3002; x_wconf 87' lang='lat' dir='ltr'>secula</span> <span class='ocrx_word' id='word_1_399' title='bbox 895 2949 1059 3003; x_wconf 60' lang='lat' dir='ltr'>ledias,</span> <span class='ocrx_word' id='word_1_400' title='bbox 1088 2962 1233 3020; x_wconf 86' lang='lat' dir='ltr'>atque</span> <span class='ocrx_word' id='word_1_401' title='bbox 1256 2949 1473 3006; x_wconf 55' lang='lat' dir='ltr'>restitas,</span> <span class='ocrx_word' id='word_1_402' title='bbox 1492 2966 1668 3020; x_wconf 83' lang='lat' dir='ltr'>parurn</span> <span class='ocrx_word' id='word_1_403' title='bbox 1697 2947 1973 3002; x_wconf 77' lang='lat' dir='ltr'>admodum</span> <span class='ocrx_word' id='word_1_404' title='bbox 2000 2948 2142 3002; x_wconf 84' lang='lat' dir='ltr'>fuisse</span> 
     </span>
     <span class='ocr_line' id='line_1_42' title="bbox 193 3019 2143 3091; baseline -0.001 -19"><span class='ocrx_word' id='word_1_405' title='bbox 193 3019 475 3075; x_wconf 56' lang='lat' dir='ltr'>intelleffilas,</span> <span class='ocrx_word' id='word_1_406' title='bbox 509 3023 567 3073; x_wconf 83' lang='lat'>&amp;</span> <span class='ocrx_word' id='word_1_407' title='bbox 590 3037 846 3091; x_wconf 83' lang='lat' dir='ltr'>perperam</span> <span class='ocrx_word' id='word_1_408' title='bbox 872 3020 1140 3090; x_wconf 84' lang='lat' dir='ltr'>explicatas.</span> <span class='ocrx_word' id='word_1_409' title='bbox 1211 3019 1540 3073; x_wconf 89' lang='lat' dir='ltr'>Substiterunt</span> <span class='ocrx_word' id='word_1_410' title='bbox 1569 3021 1619 3071; x_wconf 89' lang='lat' dir='ltr'>in</span> <span class='ocrx_word' id='word_1_411' title='bbox 1652 3019 1753 3089; x_wconf 91' lang='lat' dir='ltr'>ipso</span> <span class='ocrx_word' id='word_1_412' title='bbox 1783 3022 1988 3076; x_wconf 87' lang='lat' dir='ltr'>cortice,</span> <span class='ocrx_word' id='word_1_413' title='bbox 2030 3036 2143 3072; x_wconf 90' lang='lat' dir='ltr'>ver-</span> 
     </span>
     <span class='ocr_line' id='line_1_43' title="bbox 195 3088 2141 3161; baseline -0.001 -18"><span class='ocrx_word' id='word_1_414' title='bbox 195 3091 364 3159; x_wconf 50' lang='lat' dir='ltr'>biluue</span> <span class='ocrx_word' id='word_1_415' title='bbox 393 3091 758 3160; x_wconf 77' lang='lat' dir='ltr'>interpretandis</span> <span class='ocrx_word' id='word_1_416' title='bbox 785 3093 956 3142; x_wconf 91' lang='lat' dir='ltr'>intenti</span> <span class='ocrx_word' id='word_1_417' title='bbox 978 3089 1097 3141; x_wconf 87' lang='lat' dir='ltr'>nihil</span> <span class='ocrx_word' id='word_1_418' title='bbox 1125 3089 1248 3143; x_wconf 78' lang='lat' dir='ltr'>ultra</span> <span class='ocrx_word' id='word_1_419' title='bbox 1269 3088 1453 3161; x_wconf 67' lang='lat' dir='ltr'>petiere</span> <span class='ocrx_word' id='word_1_420' title='bbox 1471 3110 1484 3157; x_wconf 19' lang='lat'>:-</span> <span class='ocrx_word' id='word_1_421' title='bbox 1518 3089 1652 3159; x_wconf 89' lang='lat' dir='ltr'>quod</span> <span class='ocrx_word' id='word_1_422' title='bbox 1679 3089 1881 3160; x_wconf 88' lang='lat' dir='ltr'>quidem</span> <span class='ocrx_word' id='word_1_423' title='bbox 1912 3091 2141 3145; x_wconf 86' lang='lat' dir='ltr'>fecerunt</span> 
     </span>
     <span class='ocr_line' id='line_1_44' title="bbox 194 3159 2140 3232; baseline -0.001 -20"><span class='ocrx_word' id='word_1_424' title='bbox 194 3177 249 3213; x_wconf 87' lang='lat' dir='ltr'>ut</span> <span class='ocrx_word' id='word_1_425' title='bbox 268 3160 620 3213; x_wconf 81' lang='lat' dir='ltr'>Grammaticis</span> <span class='ocrx_word' id='word_1_426' title='bbox 644 3178 729 3231; x_wconf 84' lang='lat' dir='ltr'>par</span> <span class='ocrx_word' id='word_1_427' title='bbox 757 3174 873 3216; x_wconf 87' lang='lat' dir='ltr'>erat,</span> <span class='ocrx_word' id='word_1_428' title='bbox 887 3177 989 3212; x_wconf 89' lang='lat' dir='ltr'>non</span> <span class='ocrx_word' id='word_1_429' title='bbox 1010 3174 1061 3212; x_wconf 90' lang='lat' dir='ltr'>ut</span> <span class='ocrx_word' id='word_1_430' title='bbox 1078 3159 1409 3232; x_wconf 76' lang='lat' dir='ltr'>Philosophi-5:</span> <span class='ocrx_word' id='word_1_431' title='bbox 1443 3160 1584 3231; x_wconf 78' lang='lat' dir='ltr'>plane</span> <span class='ocrx_word' id='word_1_432' title='bbox 1608 3161 1738 3230; x_wconf 78' lang='lat' dir='ltr'>quasi</span> <span class='ocrx_word' id='word_1_433' title='bbox 1761 3159 2140 3230; x_wconf 80' lang='lat' dir='ltr'>scripsiffetHo-</span> 
     </span>
     <span class='ocr_line' id='line_1_45' title="bbox 195 3229 2139 3285; baseline -0.001 -3"><span class='ocrx_word' id='word_1_434' title='bbox 195 3233 339 3283; x_wconf 82' lang='lat' dir='ltr'>ratius</span> <span class='ocrx_word' id='word_1_435' title='bbox 362 3232 518 3283; x_wconf 71' lang='lat' dir='ltr'>solum</span> <span class='ocrx_word' id='word_1_436' title='bbox 546 3246 598 3283; x_wconf 86' lang='lat' dir='ltr'>ut</span> <span class='ocrx_word' id='word_1_437' title='bbox 614 3237 888 3284; x_wconf 82' lang='lat' dir='ltr'>verborum</span> <span class='ocrx_word' id='word_1_438' title='bbox 917 3230 1368 3285; x_wconf 84' lang='lat' dir='ltr'>construendorum</span> <span class='ocrx_word' id='word_1_439' title='bbox 1393 3233 1633 3283; x_wconf 84' lang='lat' dir='ltr'>rationem</span> <span class='ocrx_word' id='word_1_440' title='bbox 1658 3230 1955 3285; x_wconf 82' lang='lat' dir='ltr'>videremus,</span> <span class='ocrx_word' id='word_1_441' title='bbox 1988 3229 2139 3282; x_wconf 84' lang='lat' dir='ltr'>dede-</span> 
     </span>
     <span class='ocr_line' id='line_1_46' title="bbox 195 3300 2138 3436; baseline -0.001 -84"><span class='ocrx_word' id='word_1_442' title='bbox 195 3304 353 3374; x_wconf 74' lang='lat' dir='ltr'>ritque</span> <span class='ocrx_word' id='word_1_443' title='bbox 382 3304 526 3355; x_wconf 85' lang='lat' dir='ltr'>nobis</span> <span class='ocrx_word' id='word_1_444' title='bbox 548 3303 733 3363; x_wconf 80' lang='lat' dir='ltr'>librum</span> <span class='ocrx_word' id='word_1_445' title='bbox 762 3303 893 3356; x_wconf 82' lang='lat' dir='ltr'>horis</span> <span class='ocrx_word' id='word_1_446' title='bbox 921 3305 971 3355; x_wconf 85' lang='lat' dir='ltr'>in</span> <span class='ocrx_word' id='word_1_447' title='bbox 1009 3300 1193 3358; x_wconf 65' lang='lat' dir='ltr'>Schola</span> <span class='ocrx_word' id='word_1_448' title='bbox 1222 3302 1452 3361; x_wconf 81' lang='lat' dir='ltr'>fallendis,</span> <span class='ocrx_word' id='word_1_449' title='bbox 1487 3319 1591 3359; x_wconf 82' lang='lat' dir='ltr'>non</span> <span class='ocrx_word' id='word_1_450' title='bbox 1619 3302 1792 3375; x_wconf 82' lang='lat' dir='ltr'>animis</span> <span class='ocrx_word' id='word_1_451' title='bbox 1819 3300 1882 3436; x_wconf 55' lang='lat' dir='ltr'>a}</span> <span class='ocrx_word' id='word_1_452' title='bbox 1906 3303 2138 3424; x_wconf 51' lang='lat' dir='ltr'>virtutceirn</span> 
     </span>
    </p>

    <p class='ocr_par' dir='ltr' id='par_1_6' title="bbox 898 3384 2139 3441">
     <span class='ocr_line' id='line_1_47' title="bbox 898 3384 2139 3441; baseline -0.009 -9"><span class='ocrx_word' id='word_1_453' title='bbox 898 3389 936 3439; x_wconf 50' lang='grc' dir='ltr'><strong>ᾗ</strong></span> <span class='ocrx_word' id='word_1_454' title='bbox 1856 3388 2050 3441; x_wconf 68' lang='lat' dir='ltr'>¹erman</span> <span class='ocrx_word' id='word_1_455' title='bbox 2085 3384 2139 3440; x_wconf 53' lang='lat'>¹84</span> 
     </span>
    </p>
   </div>
  </div>
 </body>
</html>
