2221 3693
423 108 929 184 DACERII
998 107 1620 183 PRAEFATIO.
1868 131 1999 204 351

46 232 328 301 formandis.
372 233 575 287 Prorsus
603 234 730 288 aliud
757 235 847 287 fibi
879 237 930 286 in
962 235 1062 286 hoc
1094 252 1244 304 opere
1274 235 1588 307 proposuerat
1609 234 1782 287 Po‘e‘ta.
1831 237 2003 289 Nam*

47 326 147 380 que
169 306 272 359 finis
290 306 565 359 verborum
591 307 662 358 est
687 306 838 362 aotio,
869 308 1010 373 cnjus
1038 308 1187 357 etiam
1221 305 1371 376 gratia
1403 308 1555 357 verba
1586 306 1680 375 ipsa
1710 306 1909 359 fuerunt
1930 326 2010 359 re-

47 391 201 450 perta,
235 393 345 447 quae
373 377 460 428 nisi
499 378 637 430 illum
674 377 983 446 assequantur
1013 375 1186 432 finem,
1235 378 1352 428 nihil
1397 377 1482 431 niii
1514 377 1672 429 futiles
1713 377 1836 434 soni,
1869 396 2007 434 aures

40 448 248 520 quidem
271 447 469 503 feriunt,
502 447 564 499 ad
593 450 821 499 animum
848 451 971 498 vero
999 463 1102 497 non
1138 449 1396 516 pertinent.

113 517 320 571 Docere
350 535 439 570 nos
465 519 624 571 voluit
639 518 876 570 Horatius
907 519 957 570 in
981 518 1053 567 his
1079 517 1257 573 Satiris,
1275 532 1447 570 contra
1464 519 1577 570 vitia
1595 519 1757 577 nostra
1782 520 2009 579 militare,

42 586 247 646 affeetus
270 603 562 658 temperare,
597 603 821 641 naturam
849 590 898 639 in
930 587 1277 658 cupiditatibus
1307 587 1619 640 moderandis
1642 590 1829 643 ducem
1852 594 2006 663 sequi,

42 676 221 712 verum
244 660 272 711 a
295 658 430 715 falso,
473 661 530 713 ὃς
555 661 582 711 a
612 660 759 711 rebus
789 659 895 729 ipsis
927 676 1096 710 rerum
1129 659 1310 729 species
1340 658 1628 716 discernere,
1671 662 2007 730 praejudicatas

40 732 231 783 temere
255 731 512 800 opiniones
528 732 757 797 abjicere,
785 731 1020 800 principia
1044 731 1101 783 &
1126 729 1287 781 causas
1311 730 1568 782 afflonum
1595 732 1870 786 nostrarum
1896 752 2008 805 per·-

40 799 223 872 spectas
237 800 435 856 habere,
445 800 699 853 ridiculam
720 799 868 871 deniq
873 817 932 851 ue
948 817 1124 851 eorum
1141 802 1459 869 pertinaciam
1477 804 1965 874 evitare,qui,quibus
1978 808 2009 858 a.

43 871 319 941 magistellis
345 870 434 922 suis
458 873 776 942 opinionibus
805 872 990 922 imbuti
1009 873 1130 924 olim
1158 870 1376 925 fuerunt,
1399 873 1453 922 iis
1476 872 1720 924 obstinate
1749 876 2010 933 inhaerent,

39 942 172 996 nulla
189 940 352 994 habita
370 945 556 994 ratione
575 944 749 1012 quibus
764 943 1029 993 innitantur
1044 940 1378 994 fundamentis
1394 961 1409 1008 3
1443 960 1547 993 uno
1572 946 1747 999 verbo,
1763 947 1814 996 in
1830 963 1893 997 eo
1909 947 2011 999 ela-

40 1014 257 1069 boravit,
290 1027 345 1064 ut
369 1030 459 1065 nos
485 1015 628 1065 nobis
652 1013 835 1068 felices,
869 1013 1040 1064 amicis
1057 1011 1309 1080 jucundos
1339 1015 1397 1066 &
1423 1011 1607 1069 fideles,
1637 1018 1873 1068 omnibus
1898 1019 2010 1088 qui-

42 1084 254 1138 buscum
286 1086 520 1140 vivimus,
556 1083 880 1139 commodos,
915 1083 1054 1136 utiles
1079 1086 1136 1137 &
1162 1085 1402 1153 benignos
1426 1084 1687 1154 praestaret.

113 1154 422 1224 Interpretari
456 1155 685 1207 Auctoris
715 1156 886 1208 verba,
920 1155 970 1204 in
990 1160 1183 1218 Figuras
1209 1153 1417 1224 digitum
1457 1155 1728 1212 intendere,
1778 1157 2009 1211 Ledloris

42 1241 133 1296 per
159 1227 389 1278 orationis
414 1226 650 1278 involutae
681 1226 1000 1294 labyrinthos,
1033 1240 1115 1276 aut
1155 1225 1491 1295 parentheseos
1521 1227 1746 1279 obscurae
1782 1232 2008 1282 tenebras

43 1296 246 1352 ducere,
280 1297 389 1349 haec
421 1299 592 1349 omnia
616 1296 734 1348 nihil
760 1299 998 1348 eximium
1032 1298 1233 1352 habent,
1267 1313 1381 1351 nec,
1416 1308 1469 1348 ut
1493 1296 1708 1366 loquitur
1732 1297 2008 1368 Epiftetus,

43 1367 316 1438 quidquam
341 1367 534 1437 pulchri
562 1383 644 1421 aut
671 1368 880 1437 sapiente
896 1367 1117 1436 dignum.
1164 1367 1248 1420 Est
1266 1366 1380 1419 illud
1399 1370 1648 1437 praecipue
1665 1369 2007 1427 annitendum,

43 1436 164 1490 illud
195 1438 507 1508 palmarium,
543 1438 685 1490 usum
717 1440 774 1492 ὃῑ
805 1440 1013 1490 rationes
1043 1438 1225 1491 horum
1243 1451 1606 1507 praeceptorum
1629 1439 1904 1498 ostendere,
1923 1459 2005 1493 ea-

45 1506 265 1579 demque
278 1509 644 1562 aucstoritatibus
659 1509 847 1564 fulcire,
865 1522 917 1560 ut
933 1508 1092 1578 palam
1109 1510 1345 1561 omnibus
1369 1509 1465 1563 fiat,
1496 1526 1581 1561 eos
1606 1513 1689 1578 qui
1708 1528 1871 1562 mores
1896 1512 2007 1564 suos

45 1577 107 1631 ad
129 1579 229 1631 hoc
246 1579 501 1649 speculum
526 1597 838 1648 componere
868 1581 1137 1649 negligunt,
1165 1581 1295 1648 paria
1318 1580 1480 1632 facere
1495 1583 1704 1647 aegrotis,
1733 1584 1816 1651 qui
1854 1583 2008 1635 libros

46 1650 136 1701 ubi
165 1650 384 1702 remedia
400 1653 589 1703 morbis
603 1651 689 1703 suis
706 1651 1098 1720 praescribuntur,
1113 1650 1272 1720 legere
1289 1654 1528 1705 contenti,
1540 1650 2011 1707 Mediciconlilium

43 1732 239 1773 tantum
256 1721 394 1773 abest
411 1735 464 1773 ut
478 1723 689 1791 capiant,
725 1736 777 1772 ut
795 1738 859 1772 ne
876 1721 1139 1790 intelligant
1157 1721 1358 1791 quidem
1377 1722 1476 1789 ejus
1495 1722 1764 1774 utilitatem.

115 1790 247 1843 Non
259 1791 396 1861 quod
413 1809 509 1861 ego
524 1796 572 1843 in
588 1794 958 1844 commentariis
973 1794 1093 1843 meis
1107 1795 1374 1862 quiequam
1385 1793 1536 1844 sciens
1553 1795 1721 1844 volens
1735 1796 2007 1863 praetermi-

43 1860 208 1918 serim,
223 1861 359 1933 quod
375 1862 434 1914 acl
454 1861 788 1915 Grammatici
804 1862 1031 1914 officium
1050 1865 1296 1932 pertineat.
1332 1863 1488 1933 Spero
1506 1862 1554 1914 id
1567 1864 1780 1916 sensuros
1795 1867 1892 1916 esse
1906 1866 2006 1917 Le-

44 1932 226 1988 θεοτεε,
248 1950 408 2003 neque
419 1935 524 2000 jam
543 1934 689 1985 ullam
706 1933 1066 2002 superfuturum
1085 1936 1135 1984 in
1151 1935 1311 1985 verbis
1327 1933 1524 1985 Horatii
1539 1934 1908 1989 difficultatem:
1941 1953 2001 1989 ac

43 2004 97 2055 in
113 2003 241 2056 hanc
260 2021 432 2056 curam
450 2006 697 2074 praecipue
713 2006 936 2059 incubui,
953 2019 1005 2055 ut
1022 2020 1324 2074 argumenta,
1353 2022 1463 2075 quse
1480 2006 1667 2061 tractat,
1682 2006 1964 2058 illustrarem
1983 2025 2002 2073 3

44 2076 319 2129 rationum,
345 2093 461 2144 quas
474 2074 692 2130 adhibet,
718 2074 1005 2127 soliditatem
1022 2076 1363 2144 indigitarem3
1400 2088 1452 2126 ut
1469 2076 1751 2144 expedirem
1771 2079 2002 2129 circuitus

44 2146 106 2199 &
137 2145 388 2215 ambages,
423 2162 508 2215 per
539 2163 655 2216 quas
685 2162 1044 2215 nonnunquam
1078 2146 1260 2198 incedit
1275 2145 1332 2198 ad
1361 2147 1533 2216 placita
1549 2148 1628 2198 sua
1643 2147 2003 2203 confirmanda,

45 2213 180 2268 &ad
205 2218 448 2268 contraria
463 2216 731 2271 refutanda,
745 2216 823 2267 vel
855 2216 1116 2269 eludenda:
1156 2230 1208 2268 ut
1225 2219 1479 2268 veritatem
1511 2219 1827 2270 affertionum
1858 2220 2002 2288 ipsius

45 2285 347 2354 stabilirem3
385 2301 439 2338 ut
464 2287 703 2338 vafritiem
737 2289 855 2354 ejus,
891 2289 978 2339 ubi
1003 2287 1132 2357 quasi
1151 2305 1210 2339 ex
1235 2288 1407 2339 insidiis
1437 2291 1549 2358 agit,
1584 2307 1696 2358 quie
1727 2289 1999 2342 Leaorem

45 2357 334 2427 imperitum
364 2357 506 2409 facile
534 2358 869 2427 fugiat,oculis
888 2375 1226 2428 exponerem3
1261 2372 1312 2410 ut
1328 2358 1540 2428 denique
1568 2362 1615 2410 in
1635 2361 1855 2428 apricum
1886 2379 2004 2430 pro-

42 2427 228 2479 ferrem
259 2427 521 2481 ridiculum
554 2427 689 2484 illud,
723 2428 856 2498 quod
889 2431 938 2479 in
962 2431 1201 2481 omnibus
1226 2447 1341 2499 quas
1357 2443 1608 2499 oppugnat
1632 2432 1774 2482 rebus
1798 2434 2005 2485 invene-

44 2499 120 2550 rit.
157 2497 289 2550 Haec
307 2498 412 2550 sunt
426 2516 536 2569 quae
550 2500 667 2550 fecit
681 2516 792 2550 ante
806 2517 890 2551 me
907 2517 1074 2551 nemo
1096 2498 1304 2554 Contra,
1319 2517 1374 2551 ut
1391 2500 1460 2551 est
1474 2501 1707 2552 Horatius
1725 2506 1865 2552 Verus
1875 2501 2001 2553 Pro-

45 2579 169 2625 teus,
181 2571 244 2620 ita
261 2569 395 2620 mille
408 2569 592 2620 formas
611 2573 776 2624 variat,
793 2572 1073 2639 interpretes
1089 2571 1195 2622 suos
1222 2570 1346 2639 saepe
1363 2570 1550 2640 effugit,
1584 2574 1666 2641 qui
1696 2589 1815 2623 cum
1839 2573 2000 2643 ipstim

45 2639 402 2708 reprehendere
419 2642 692 2709 nequirent,
721 2640 964 2710 stupentes
977 2641 1217 2696 fecerunt,
1242 2643 1375 2711 quod
1397 2657 1674 2711 potuerunt.
1720 2641 2000 2695 Affixerunt

45 2711 98 2761 ei
126 2710 463 2779 saepenumero
492 2711 681 2763 sensum
713 2710 800 2761 suo
826 2728 929 2762 non
954 2710 1110 2764 solum
1139 2712 1402 2766 diversum,
1438 2711 1516 2762 sed
1545 2715 1693 2764 eriam
1723 2712 2001 2770 adversum,

48 2795 301 2850 quemque
317 2780 413 2852 ipse
430 2797 491 2832 eo
508 2782 626 2834 loco
646 2780 861 2832 refellere
878 2782 1049 2833 voluit.
1101 2782 1243 2842 Non,
1256 2782 1390 2852 quod
1409 2800 1503 2851 ego
1521 2784 1605 2834 illis
1621 2786 1888 2852 quicquam
1912 2784 2001 2836 de·-

48 2849 265 2902 tradfflm
294 2852 466 2906 velim,
494 2854 578 2921 qui
602 2867 713 2904 ante
740 2869 824 2903 me
843 2851 1058 2904 Horatio
1083 2852 1362 2904 illustrando
1379 2854 1601 2905 laborem
1619 2855 1758 2905 suum
1775 2855 2002 2906 contule-

47 2932 191 2972 runt:
229 2919 375 2973 laudo
403 2936 606 2975 conatus
630 2924 850 2978 illorum,
892 2923 958 2974 illi
996 2922 1119 2974 mihi
1148 2925 1281 2974 viam
1315 2938 1620 2993 aperuerunt.
1693 2923 1839 2992 Siqua
1868 2926 1920 2974 in
1946 2943 1999 2982 re

47 3006 149 3059 ego
173 2989 276 3041 illos
295 2991 528 3061 superavi,
559 3010 716 3046 omne
745 2991 860 3044 illud
891 3007 1153 3063 acceptum
1189 2993 1348 3044 refero
1381 2996 1566 3062 magnis
1590 2993 1684 3044 istis
1712 3011 1772 3044 ex
1794 2997 2001 3063 antiqui-

49 3073 149 3126 tate
177 3061 304 3115 viris,
338 3081 460 3132 quos
486 3066 672 3131 majore
706 3081 827 3116 cum
855 3063 988 3118 cura,
1030 3065 1215 3130 majore
1243 3067 1378 3115 certe
1409 3067 1515 3115 otio
1546 3065 1671 3133 legi:
1705 3063 1997 3116 Homerum

49 3129 188 3186 dico,
203 3129 484 3188 Platonem,
509 3133 849 3189 Aristotelem,
875 3134 1084 3204 aliosque
1101 3148 1202 3186 tarn
1221 3134 1450 3189 Graecos,
1466 3136 1616 3203 quam
1639 3135 1852 3188 Latinos,
1876 3152 2002 3202 quos

47 3199 233 3252 affidue
261 3215 385 3258 tero,
406 3216 459 3254 ut
473 3203 534 3255 ad
551 3222 727 3257 eorum
758 3204 955 3274 gustum
979 3206 1251 3259 reformem
1272 3222 1462 3261 meum,
1478 3213 1752 3273 eorumque
1783 3204 2009 3262 fontibus

49 3269 245 3347 {ingenii
273 3273 331 3329 &
356 3272 541 3345 Judicii
572 3278 674 3331 mei
697 3275 921 3331 hortulos
947 3277 1159 3346 irrigetu,

1871 3411 2005 3475 Non
